2992 4884
270 411 358 488 m
400 426 556 480 nonronn
582 426 620 476 m
649 425 837 476 ammona.
866 426 988 476 amm.
1012 425 1235 478 ansanum.

261 584 376 668 Bagis
402 581 607 665 Hungariae3
633 580 768 648 tandem
790 580 936 646 venitin
957 579 1205 665 possessionem
1227 579 1376 646 Antonii

272 684 407 763 Askew,
423 684 473 750 M.
483 685 528 749 D.
539 685 645 749 ririin
655 683 833 749 codicibus
844 683 933 748 Mas.
944 681 1118 747 Latiniaat
1128 681 1262 748 Groecis
1272 683 1377 749 inda·

270 787 391 872 gandia
403 788 488 854 inter
503 786 629 870 primos
648 786 772 850 curiosi
789 790 822 850 et
843 783 980 850 assidui.
1024 783 1095 847 Sub
1111 783 1208 848 initio
1221 784 1376 868 hnjaoce

272 888 410 955 Codicis
433 886 607 953 Askeuius
636 886 710 950 haro
736 888 841 952 verba
862 886 1110 970 exscripseratt
1130 887 1284 951 ‘Iattreo
1305 889 1376 952 ori·

271 993 381 1075 tiques
401 990 443 1055 da
459 989 596 1055 Gisbart
611 987 734 1073 Caper,
759 987 1021 1065 aAmstardam,
1042 971 1143 1054 1742.
1156 1009 1192 1072 p.
1203 988 1283 1054 381.
1302 989 1375 1054 J'ai

270 1093 434 1161 l’Horaca
462 1087 719 1156 d'Amrtordam.
745 1089 812 1154 Mr.
834 1089 976 1174 Bentley
1002 1097 1057 1155 ost
1077 1092 1172 1156 hardi
1199 1091 1285 1156 dans
1310 1111 1373 1157 aaa

272 1193 492 1278 conjecturas.
535 1192 579 1257 Ja
593 1211 649 1257 mo
665 1192 735 1255 suis
750 1197 922 1256 entratenn
933 1211 991 1255 sur
1002 1193 1274 1276 quelques-unes,
1285 1209 1373 1259 arec

272 1316 318 1360 un
332 1295 376 1359 do
386 1312 457 1358 mes
472 1292 570 1369 amis,
585 1298 619 1356 ot
635 1291 697 1375 j’ai
712 1310 759 1354 nn
774 1292 842 1356 bon
856 1293 1038 1356 manuscrit
1048 1294 1130 1357 sorti
1141 1293 1183 1357 de
1194 1294 1229 1359 la
1241 1295 1372 1359 Biblio-

271 1397 391 1480 thequa
406 1396 450 1459 da
466 1393 536 1458 Roi
556 1392 719 1457 Matthias
742 1392 919 1471 Corvinus,
944 1411 989 1458 on
1005 1393 1067 1478 j'ai
1084 1398 1199 1460 trouva
1219 1396 1373 1462 diverses

271 1497 401 1582 leonas,
415 1495 495 1560 dont
510 1514 550 1561 oo
565 1499 706 1576 spavant
719 1493 863 1578 Anglois
873 1514 913 1558 ne
925 1496 987 1562 fait
1000 1515 1065 1581 pan
1079 1497 1247 1562 mention?

316 1600 358 1665 In
374 1597 518 1665 collect.
542 1596 629 1661 Mss.
649 1595 847 1680 Indescript
868 1598 904 1661 in
922 1596 1048 1663 Mnaao
1068 1599 1194 1665 Britan.
1216 1620 1251 1665 v.
1274 1617 1313 1664 ιι.
1336 1621 1371 1685 p.

272 1703 349 1768 819.
386 1700 580 1766 carminum
593 1697 667 1761 Lib.
681 1714 706 1762 1.
719 1718 796 1762 oum
806 1699 897 1763 notia
910 1707 946 1763 at
961 1698 1043 1766 Vita
1058 1700 1194 1767 Horatii
1206 1723 1254 1767 ox
1266 1705 1372 1768 variis

273 1802 466 1869 auctoribus
481 1799 648 1876 collectis,
663 1801 706 1864 ab
722 1799 872 1865 Honrico
897 1801 1015 1880 Finch,
1033 1811 1069 1867 at
1087 1803 1175 1887 patri
1196 1820 1262 1870 ano
1277 1804 1371 1869 nani-

275 1905 374 1980 catio,
389 1902 486 1966 1577.

318 2003 385 2069 His
396 2000 605 2098 adjiciantur,
621 2001 747 2085 qnippe
762 2021 841 2085 quar
851 2004 914 2067 sub
930 2004 1047 2068 eadam
1063 2005 1185 2088 pagina
1199 1999 1367 2086 notantur,

274 2105 376 2171 varia
389 2102 476 2170 Odae
495 2103 618 2168 Mettis
628 2102 822 2187 Anglicanis
838 2124 956 2183 versae,
970 2120 1006 2170 et
1018 2105 1196 2173 Tractatns
1211 2111 1247 2174 in
1261 2111 1369 2177 diver-

220 2259 224 2268 ,
271 2229 328 2276 sas
342 2211 457 2293 partas
468 2204 604 2271 Horatii
619 2206 663 2271 ab
678 2207 870 2272 auctoribus
884 2208 985 2273 variis
999 2208 1151 2273 contacti.

384 2469 510 2537 Codices
524 2471 558 2535 in
572 2467 702 2534 Palatio
713 2468 981 2557 Arcaiapiacopalr‘
998 2471 1085 2557 opud
1099 2470 1264 2539 Lambetlr.

318 2689 358 2754 In
375 2687 535 2753 Biblioth.
548 2687 634 2753 Mss.
649 2687 910 2774 Archiepisoopi
922 2689 1082 2756 Cantnar.
1095 2691 1186 2775 apud
1199 2689 1370 2769 Lambetia

275 2792 383 2857 codex
404 2797 468 2867 ost,
490 2791 610 2873 partim
632 2791 814 2855 membran.
836 2791 957 2876 partim
979 2792 1125 2857 chartac.
1149 2793 1184 2856 in
1204 2794 1272 2858 nto.
1291 2812 1369 2860 affin.

277 2908 342 2955 xv.
354 2891 566 2974 complexus,
580 2892 664 2954 inter
672 2891 740 2956 alia
750 2892 857 2956 multa
867 2892 1022 2971 classica,
1032 2894 1167 2961 Horatii
1176 2895 1370 2960 Sermonum

275 2991 396 3057 Libros
410 2991 508 3072 duos,
523 3010 600 3056 cum
612 2992 700 3055 notis
710 2994 850 3075 margin.
865 2992 913 3058 N.
926 2995 1003 3059 425.

318 3093 360 3158 In
382 3093 499 3158 eadem
514 3092 679 3159 Biblioth.
697 3099 732 3159 et
751 3095 814 3158 sub
832 3093 950 3159 eadem
966 3094 1122 3179 catalogi
1136 3100 1270 3180 pagina,
1284 3098 1372 3184 (54.)

274 3205 328 3261 ast
342 3194 416 3260 con.
432 3196 612 3260 membran.
626 3214 704 3259 saec.
720 3211 802 3258 xrv.
817 3196 1027 3279 complexus,
1043 3197 1126 3262 inter
1140 3199 1219 3280 alia,
1235 3198 1371 3264 Florile-

275 3300 364 3382 gium
379 3316 424 3363 ex
439 3297 637 3377 Claudiano,
654 3296 791 3377 Ovidio,
808 3297 966 3377 Horatio,
980 3301 1039 3364 &a
