2992 4884
269 408 353 472 1942
585 420 780 476 creausus
807 420 1022 471 uorrrnnuu

272 572 360 633 lleud
375 583 473 634 umen
489 571 586 634 editor
599 592 654 633 suo
669 572 831 648 consuluit,
844 570 952 634 consid
970 570 1059 634 hodie
1072 570 1252 651 umbigstur.
1266 564 1370 630 nien.

267 669 433 730 Maittsrius
455 669 568 747 (annal.
592 683 709 751 typogr.
732 669 768 729 T.
787 691 811 731 r.
828 689 856 749 p.
868 671 940 729 292.
954 668 1004 729 ed.
1022 669 1075 744 ιι.)
1094 687 1132 728 es
1156 662 1372 747 typographis

265 769 337 829 Ant.
353 768 449 829 Zaroti
462 766 642 839 Parmensis,
665 767 715 845 qui
740 765 904 826 Mediolani
918 783 998 825 enno
1022 764 1138 825 circiter
1154 766 1243 824 1470.
1274 778 1373 821 excu-

264 865 335 926 dere
349 867 439 948 coepit
452 865 553 935 libros,
577 861 723 943 prodiisse
736 861 868 942 conjicit,
891 861 931 921 ob
955 870 1043 942 typos
1056 860 1166 923 similes
1188 859 1237 933 iis,
1251 858 1372 938 quibus
1482 895 1484 898 -

265 973 335 1043 post
355 964 477 1023 Zerotus
490 978 563 1019 usus
576 970 633 1031 est,
648 959 784 1037 quamvis
798 958 902 1019 iisdem
917 957 1050 1019 rudiores
1069 959 1226 1036 minusque
1248 955 1371 1017 cultos.

266 1063 343 1120 Sunt
359 1076 426 1119 vcro
453 1056 553 1129 susm,
573 1054 655 1135 quod
678 1055 709 1114 1.
724 1054 769 1114 Μ.
784 1054 937 1116 Gesnsrus
960 1055 990 1116 iu
1003 1055 1089 1135 pros.
1105 1052 1220 1116 Hmtii
1242 1051 1293 1113 ssi
1309 1050 1370 1110 ols-

265 1165 373 1227 serset,
394 1153 477 1234 ‘ejus
498 1152 613 1224 iorsnae,
627 1171 716 1231 quarn
738 1151 901 1212 Jensonius
923 1149 1069 1226 adhibuit,
1081 1149 1135 1211 sed
1157 1149 1247 1230 poulo
1262 1148 1370 1208 suiuus

266 1252 367 1324 culter,
380 1262 410 1312 et
433 1239 658 1327 inconposite:
681 1258 715 1307 ut
735 1258 890 1328 sppsrest,
918 1266 1015 1328 sequa
1038 1248 1177 1310 matrices
1199 1246 1296 1306 fuisse
1323 1243 1371 1303 its

265 1348 422 1429 periectas,
436 1357 470 1407 ut
483 1345 564 1406 fuere
578 1344 783 1417 Jensoniante,
798 1363 895 1424 neque
909 1345 951 1405 its
965 1354 1134 1405 eccnrstnm
1147 1362 1288 1403 versuum
1315 1338 1371 1398 di·

266 1443 451 1526 rigendorunr
466 1441 632 1504 rstionenr!
672 1441 837 1515 Gesnerus,
847 1441 897 1520 qui
906 1460 973 1502 esnr
986 1440 1124 1513 conmlit,
1136 1440 1180 1502 sic
1190 1438 1367 1500 describere
1484 1503 1487 1526 ἱ

266 1542 379 1622 pergit:
401 1540 511 1601 ‘Porro
525 1538 619 1601 literae
632 1537 724 1600 nullse
738 1536 877 1608 initisles,
892 1557 973 1618 saepe
987 1537 1002 1598 l'
1011 1537 1135 1617 longum
1156 1537 1186 1595 in
1199 1536 1261 1596 line
1275 1533 1365 1595 vocis

266 1639 406 1719 positum,
420 1642 479 1699 osc.
520 1635 669 1696 Volnmcn
697 1643 817 1695 constet
843 1633 1111 1713 quinternionibus,
1133 1634 1195 1694 10.
1227 1632 1367 1713 quinque

267 1735 396 1816 plagulis
407 1730 632 1811 (semiplngnles
641 1729 776 1810 vulgares
787 1731 989 1809 equentibus)
1003 1728 1365 1811 duplicatis,utoriantnr

269 1832 413 1893 denorum
428 1830 562 1890 loliorum
576 1825 678 1898 libelli,
692 1827 734 1886 its
743 1826 862 1886 consuti
876 1825 996 1899 deinde,
1010 1837 1044 1886 ut
1063 1827 1095 1885 in
1106 1825 1213 1887 medin
1226 1823 1363 1906 plagulae

269 1927 353 1986 sulco
378 1924 564 2004 agglutinata
578 1921 617 1983 sit
631 1922 728 1982 tenuis
749 1922 834 2002 virge
854 1923 1090 1996 membranacea,
1115 1941 1185 2003 quse
1199 1922 1250 1983 fila
1264 1922 1366 1983 conti·

267 2031 347 2092 nest,
361 2031 393 2080 ct
406 2020 572 2079 firmitatem
587 2028 709 2098 praestet
721 2017 830 2080 codici.
873 2018 957 2079 Folia
977 2019 1044 2098 ipsa
1057 2037 1118 2080 non
1132 2020 1251 2098 signata
1264 2037 1364 2099 neque

267 2117 360 2178 literis
380 2135 477 2196 neque
491 2114 632 2189 numeris,
654 2113 796 2176 custodes
822 2113 905 2187 nulli,
928 2114 1042 2176 nullnrn
1070 2115 1238 2196 registrum,
1266 2114 1363 2176 literne

268 2233 348 2294 sepe
375 2213 583 2295 transpositoe;
605 2212 730 2272 infantis
743 2211 873 2291 denique
898 2212 984 2285 artis,
1007 2223 1039 2272 et
1065 2231 1219 2292 operarum
1246 2212 1361 2273 moins

268 2308 401 2390 undique
426 2318 559 2389 apparet.
600 2308 697 2370 Voces
709 2308 758 2369 rel
782 2308 912 2382 omissos,
928 2308 974 2370 sel
996 2327 1064 2369 curn
1087 2308 1179 2387 ipsius
1193 2310 1280 2370 metri
1294 2327 1360 2389 per·

268 2405 345 2466 nicie
358 2413 544 2485 permutasse,
567 2401 656 2464 fidem
670 2404 794 2479 iaciunt,
808 2423 869 2468 non
890 2404 1045 2484 prefuisse
1066 2403 1190 2466 editioni
1211 2423 1360 2484 grentma-

267 2501 370 2573 ticum,
384 2498 438 2560 scd
462 2497 634 2579 simpliciter
656 2502 825 2581 exemplum
847 2521 946 2575 snum,
966 2501 987 2560 i.
1002 2520 1030 2560 c.
1045 2501 1187 2582 scriptum
1212 2499 1359 2575 codiee-n,

267 2607 387 2660 secutos
398 2614 465 2657 esse
479 2595 693 2678 typographos.
725 2596 812 2658 Unde
826 2596 902 2657 illud
915 2597 1117 2678 consequitur,
1130 2610 1175 2671 nt,
1188 2617 1258 2678 quor
1271 2598 1359 2659 bonne

267 2703 338 2757 sunt
351 2693 506 2766 lectiones,
521 2711 573 2754 eas
587 2694 625 2753 sb
639 2693 764 2773 sntiqno
784 2693 899 2768 codice,
913 2712 973 2754 non
988 2693 1025 2754 ab
1048 2693 1169 2774 iugenio
1182 2693 1359 2756 correctoris

266 2810 345 2864 esse,
358 2789 581 2871 intelligemus!
622 2790 778 2852 Hactenus
793 2789 961 2853 Gesnerus.

310 2888 388 2946 1470
409 2886 568 2948 Sermones
579 2885 686 2959 Oratii,
697 2906 724 2948 s.
737 2887 761 2948 1.
774 2886 828 2948 101.
839 2886 1011 2949 chsmctere
1025 2884 1173 2957 Gothicus
1194 2885 1362 2950 011111ιί1·

267 2991 324 3043 tsr.
339 2981 375 3044 T.
393 3001 417 3042 1.
431 3000 462 3062 p.
478 2981 551 3042 296.

311 3081 391 3141 1474
412 3077 648 3142 Mediolanensis
670 3100 695 3143 1.
729 3080 836 3142 Zsroti.
862 3079 1024 3141 Horatius:
1044 3097 1098 3160 per
1119 3079 1283 3141 Antonium
1306 3080 1362 3141 Zu-

268 3186 363 3235 rotnm
407 3176 611 3250 Parmenssnr,
635 3176 687 3238 101.
731 3176 767 3236 ln
791 3178 870 3238 lius:
905 3177 994 3238 Anno
1022 3195 1041 3235 a
1067 3175 1160 3237 nstsli
1188 3176 1362 3238 Christiano

270 3290 502 3336 uccccsxxrv.
515 3272 563 3335 die
578 3293 652 3336 xrs.
674 3274 775 3337 Martii
787 3273 933 3334 Antonius
943 3273 1065 3334 znotn
1074 3271 1365 3335 Psrmensiscuncts

267 3388 358 3450 opera
380 3370 548 3440 0110011
573 3370 673 3433 Flacci
688 3370 833 3432 Venusini
858 3389 918 3431 non
938 3368 1133 3448 indiligenter
1146 3367 1364 3432 amendsts-

267 3464 419 3544 eleganter
433 3475 523 3546 stqne
537 3466 663 3529 fideliter
677 3466 839 3548 impressit.
872 3465 1015 3545 Quisquis
1028 3464 1096 3527 lroec
1119 3466 1270 3542 coemerit,
1284 3486 1365 3527 nnn·

267 3578 357 3639 quens
382 3560 678 3639 paenitebit-Confi
708 3562 809 3624 Msitt.
836 3562 921 3624 Toru.
938 3581 962 3623 1.
985 3580 1017 3640 p.
1033 3563 1104 3624 336.
1151 3563 1260 3624 Sarius
1287 3563 1362 3626 hist.

267 3665 386 3735 typogr.
401 3655 526 3716 Mediol.
538 3675 606 3717 cunr
620 3657 755 3737 Argclsti
770 3658 886 3741 scriptt.
902 3656 1026 3720 Medios
1040 3659 1077 3718 T.
1091 3679 1117 3722 r.
1130 3677 1162 3740 p.
1176 3661 1249 3722 661.

309 3784 352 3796 -
372 3750 607 3813 Mcdiolsucusis
624 3772 664 3816 rr.
686 3753 839 3829 Horatius,
852 3774 920 3817 eusn
932 3755 1144 3817 commentario
1157 3757 1294 3831 Acrnnis,
1308 3757 1364 3819 101.

271 3850 307 3912 10
320 3849 401 3912 fine:
429 3849 556 3912 Aesonis
575 3849 628 3911 riri
641 3870 731 3931 quern
751 3850 916 3916 doctissimi
939 3851 1163 3928 commentaris,
1188 3871 1280 3934 qusm
1295 3852 1365 3914 dili·

197 3987 203 3994 ·
269 3957 375 4028 genter
401 3945 570 4023 emendate,
591 3948 621 4007 in
646 3948 687 4019 Q.
703 3947 778 4013 llor.
800 3949 837 4013 F.
852 3951 963 4033 Opere,
989 3968 1043 4031 per
1070 3952 1183 4013 Antun.
1212 3950 1364 4025 Zarstunu

270 4042 433 4105 Mediolsni
448 4045 592 4126 impresse
616 4046 720 4110 Idibus
749 4044 993 4108 Sextilis-vid.
1020 4046 1088 4108 Jsc.
1114 4047 1250 4127 Douglas
1272 4049 1364 4116 cstal.

268 4135 341 4199 cdd.
357 4141 463 4205 Horat.
478 4145 516 4204 ab
530 4162 580 4207 an.
598 4147 686 4207 1476.
701 4142 849 4226 usquead
866 4143 954 4206 1739.
969 4141 1078 4221 (Lond.
1096 4145 1199 4221 1739.)
1209 4155 1241 4207 et
1254 4145 1327 4209 Sex.
1342 4146 1364 4207 1.

270 4253 299 4296 c.
308 4254 340 4315 p.
352 4238 422 4297 561.
