2992 4884
514 387 548 444 o.
574 383 732 432 uoaaru
758 383 902 432 rancor.
1167 368 1254 436 2017

170 572 184 584 ··
208 532 251 612 Q.
276 533 412 600 Horatii
428 534 552 600 flacci
577 536 725 616 Eulogae,
739 553 822 598 cum
845 534 979 604 selectis
1001 535 1253 602 scholiastarum

163 640 311 699 veterum
337 638 370 698 et
386 634 547 699 Gulielmi
569 636 719 712 Basteri,
734 633 790 698 Jo.
806 632 959 698 Matthiae
983 632 1125 701 Gesneri
1145 646 1180 702 et
1196 638 1219 702 J
1221 658 1254 703 o.

165 731 239 798 Car.
269 733 390 798 Zeunii
426 736 705 800 annotationibus·
748 734 960 815 Recognovit
990 732 1119 799 Frider.
1148 738 1254 801 Henr.

165 835 281 913 Bothe,
305 835 367 898 &a
412 835 524 901 Editio
550 839 690 920 repetita
715 844 748 901 et
775 835 991 901 emendatior.
1034 834 1128 920 Lips.
1154 838 1251 903 1822.

164 940 241 1003 Suo.
439 979 444 988 ·
531 981 535 986 -

207 1035 325 1115 Quinti
341 1037 476 1101 Horatii
497 1036 615 1100 Flacci
636 1035 761 1119 Opera,
784 1056 828 1101 ex
851 1038 995 1103 editione
1012 1038 1047 1102 J.
1063 1037 1104 1102 C.
1120 1040 1252 1120 Zeuuii,

164 1138 283 1203 sedula
305 1139 498 1202 recensione
521 1143 688 1214 accurata,
711 1137 818 1201 Loud.
843 1137 939 1203 1822.
963 1139 1073 1204 lfimo.
1118 1141 1252 1207 Recen-

165 1243 234 1306 seit
247 1248 282 1305 et
296 1235 466 1304 accuravit
479 1238 502 1302 J
505 1258 627 1303 oannes
642 1238 765 1322 Harey,
779 1239 850 1307 lm.
861 1240 905 1303 D.

206 1341 320 1406 Editio
343 1339 521 1422 Delphinis
540 1340 698 1403 vicesima
721 1339 831 1416 tertia,
850 1341 1015 1421 prioribus
1032 1342 1126 1425 longe
1143 1363 1251 1409 emen·

163 1442 283 1517 (letior,
299 1440 422 1524 prodiit
440 1440 544 1503 Irond.
560 1441 644 1513 810.
668 1441 764 1505 1823.
808 1440 901 1504 Huic
922 1442 1059 1505 editioni
1076 1462 1251 1510 accessere

162 1541 246 1606 Vita
262 1541 399 1605 Horatii
415 1559 491 1604 cum
513 1541 649 1605 Decerii
660 1543 760 1617 notis,
773 1540 922 1624 ejusdem
937 1539 1160 1626 chronologia
1175 1547 1251 1610 Ha

161 1643 302 1719 rotiana,
319 1646 352 1705 et
364 1640 527 1706 Praelatio
543 1640 587 1705 de
601 1642 714 1704 Satira
729 1639 892 1705 Romana.

203 1743 369 1809 Horatius
381 1745 415 1807 iu
429 1762 525 1807 usum
540 1741 735 1805 Scholarnm
751 1759 772 1803 a
786 1739 926 1806 Hobler·
944 1741 1044 1806 Vien.
1063 1742 1158 1808 1823.
1171 1743 1249 1811 Bao.

204 1843 340 1908 Horatii
366 1843 480 1926 Opera
510 1841 674 1906 recensuit
700 1847 736 1904 et
763 1841 948 1908 emendavit
973 1843 1013 1910 F.
1039 1844 1082 1909 G.
1108 1845 1250 1911 Pottier.

163 1944 272 2007 Paris.
286 1944 384 2009 1823.
398 1944 474 2020 Suo.
526 1945 528 1948 ’

204 2045 251 2124 Q.
267 2046 401 2110 Horatii
417 2045 533 2109 Flacci
546 2045 669 2130 Opera,
693 2042 736 2109 ad
751 2043 849 2108 fidem
865 2046 1064 2127 optimorum
1078 2050 1249 2131 exempla·

161 2146 244 2210 riam
262 2148 435 2229 castigata.
479 2147 541 2209 Ed.
564 2147 672 2222 tertia,
697 2165 774 2211 oum
794 2146 884 2208 notis
908 2144 1068 2225 Anglicis.
1087 2147 1192 2214 Loud.
1214 2151 1248 2214 iu

160 2246 725 2330 aedibusValpianis,1823.18mo.
768 2246 919 2310 Inusum
932 2243 1138 2312 Scholarum.
1181 2247 1249 2312 Ea·

162 2348 321 2413 demaine
335 2349 438 2411 notis.
1081 2351 1084 2354 ’

163 2495 169 2502 -
204 2447 323 2527 Quinti
348 2449 484 2513 Horatii
507 2449 624 2514 Flacci
647 2449 772 2532 Opera,
794 2447 837 2512 ad
859 2449 959 2513 fidem
977 2450 1132 2515 editionis
1146 2450 1181 2516 J.
1196 2450 1248 2516 Μ.

161 2549 312 2614 Gesuori.
347 2549 454 2614 lond.
476 2549 571 2615 1824.
593 2550 669 2615 8vo.
692 2552 773 2613 min.
795 2569 851 2632 ap.
874 2550 1036 2634 Harffing,
1058 2551 1190 2630 Mavor,
1212 2560 1248 2618 et

160 2651 305 2734 Irepard.
327 2651 437 2735 'lypis
450 2651 575 2729 nitidis,
596 2670 673 2715 cum
686 2653 795 2716 icone.

116 2789 118 2793 Α
161 2794 166 2806 ·
202 2754 377 2818 Hactenus
392 2753 435 2817 de
452 2751 651 2816 Editiouibur
671 2753 816 2817 Horatii.
858 2750 977 2817 Addae
999 2754 1097 2817 etiem
1122 2754 1248 2819 Obser-

160 2856 312 2919 vationes
334 2856 370 2918 in
396 2855 560 2938 quasdam
583 2854 744 2916 antemius
772 2853 905 2919 Horatii
927 2873 1004 2936 quae
1030 2856 1074 2919 ah
1099 2855 1247 2922 Homero

160 2953 318 3022 derivatae
340 2965 428 3033 sunt,
452 2976 474 3020 a
494 2956 587 3020 Sam·
607 2955 717 3033 Shaw,
737 2954 789 3019 Μ.
801 2956 845 3019 D.
868 2957 902 3018 in
925 2954 1150 3021 Grammatico
1173 2956 1246 3040 ejus

160 3057 380 3133 Dictionario‚
407 3056 513 3121 lond.
544 3055 639 3120 1726.
676 3058 755 3120 8vo.
784 3062 818 3120 et
846 3056 956 3138 Epist.
985 3055 1027 3119 Τ.
1057 3056 1246 3137 Moliueux,

159 3158 252 3223 ER.
265 3159 300 3222 S.
323 3157 367 3221 ad
390 3158 596 3241 Episcopum
619 3155 882 3237 Cloghereusem,
904 3156 948 3220 de
971 3156 1058 3239 Lyra
1077 3156 1200 3222 Groeoa
1214 3165 1247 3223 et

159 3260 322 3334 Romana,
335 3261 369 3321 in
384 3256 579 3339 Philosoph.
592 3256 766 3320 Transact.
780 3256 849 3319 vol.
866 3271 987 3319 xxrn.
1002 3256 1245 3337 ρ.1267·1278.

159 3358 210 3424 M.
236 3362 337 3424 etiam
362 3356 491 3423 Stradoe
515 3355 658 3439 (Italici)
683 3354 908 3431 Prolusioues,
935 3354 1089 3431 Oxoniae,
1111 3375 1130 3419 e
1152 3355 1245 3437 prelo

159 3460 436 3526 claremontano.

161 3597 165 3604 -
202 3562 244 3626 lu
272 3561 417 3644 scriptis,
440 3579 528 3642 quoe,
553 3559 597 3621 ah
625 3557 782 3640 operibus
806 3554 938 3619 Horatii
962 3554 1124 3638 sejuncta,
1137 3556 1244 3622 lucem

158 3662 200 3725 iis
214 3661 366 3736 afferunt,
390 3657 559 3735 notandis,
585 3657 682 3722 dives
706 3662 738 3721 et
763 3657 903 3738 copiosa
917 3660 968 3719 est
992 3655 1244 3739 Bipoatiuorunr

159 3762 292 3827 Notitia
311 3760 480 3827 Literarie.
524 3758 724 3824 Brevissima
738 3759 940 3822 mentionem
951 3755 1090 3821 iacimus
1105 3777 1243 3839 sequen«

162 3864 253 3927 tium.

163 3981 169 4013 ἰ
202 3961 417 4037 Dissertatio,
449 3978 517 4044 qua
542 3958 707 4024 Pindarus
736 3964 770 4023 et
799 3958 961 4022 Horatius
997 3962 1243 4037 comparantur,

158 4065 252 4150 prius
274 4062 355 4127 olim
376 4060 510 4125 Gallice
532 4060 660 4143 scripta
680 4062 731 4137 (ut
752 4062 882 4122 notatur
908 4076 930 4121 a
953 4052 1244 4140 Bipontiuislper
