2992 4884
244 372 338 447 lm
567 388 752 445 ⁸rrarrrra
770 391 991 447 nunsunra
1049 406 1054 413 ·

244 543 424 625 dallssaod'u,
446 556 481 609 ut
495 543 627 611 Petronii
640 545 854 622 rarbodlcam,
874 547 995 611 curiosa
1014 546 1078 627 ejus
1099 544 1247 609 leliitaa:
1271 560 1357 629 pr·-

243 642 349 722 oipuua
367 643 399 704 is
412 643 523 715 Satira,
536 643 644 707 doctor
659 644 689 705 in
702 643 821 725 poitica
833 652 898 705 arta
910 643 998 705 uninc
1012 642 1199 705 audiendus:
1221 641 1360 703 axi-ins

245 738 441 820 philosophos
462 741 493 803 in
507 741 663 823 Epistolis.
708 742 741 803 ln
756 742 888 803 cuimine
899 741 1077 822 elegantiam
1092 752 1123 802 at
1135 740 1273 821 peritiam
1293 758 1356 797 nu·

244 856 390 901 marorum
411 839 439 899 ai
459 839 561 901 tribuit
574 838 712 912 Ovidius,
731 840 763 899 in
777 839 961 920 argumentis
982 839 1157 919 sapientiam
1178 847 1212 898 ct
1230 835 1353 898 callidi

243 945 336 997 tatem
358 935 490 1008 Penius,
512 935 699 1016 diligentiam
719 936 923 999 elucubratam
944 936 1112 1009 luvenalis,
1132 934 1352 996 sublimitatem

244 1042 349 1093 auctor
361 1043 447 1095 retus
462 1032 515 1095 aed
530 1052 591 1095 non
611 1033 796 1106 nominatus,
811 1034 1040 1113 jucunditatem,
1061 1032 1199 1114 gratiam,
1220 1033 1352 1095 stricta·

244 1139 303 1191 tam
319 1129 532 1205 Quintilianus,
546 1130 697 1192 solertiam
713 1130 870 1213 Apuleius,
889 1131 920 1192 in
935 1150 1072 1193 sermone
1086 1130 1245 1211 paritatem
1258 1142 1291 1190 ct
1303 1128 1360 1189 ni·

243 1235 337 1288 torem
360 1225 440 1290 idem
453 1226 675 1299 Quintilianus:
698 1229 731 1289 in
753 1228 860 1289 Satiris
886 1248 955 1291 curn
980 1246 1048 1290 essa
1070 1224 1350 1289 emendatissimum

244 1323 439 1387 lactantius:
471 1325 604 1387 Imitatus
627 1336 674 1387 ast
698 1326 728 1385 in
744 1325 822 1386 Odia
845 1325 1033 1407 potissimam
1054 1342 1123 1386 cusu
1145 1321 1280 1385 Pindaro
1288 1321 1350 1382 all·

242 1440 339 1482 carum
352 1431 384 1483 at
401 1423 609 1505 Sapphoniam:
632 1422 767 1503 apitlrcta
792 1423 899 1485 sumsit
923 1424 963 1484 ab
978 1422 1109 1483 lloanaro
1127 1430 1161 1481 ct
1181 1416 1356 1499 Sophoclea

244 1516 279 1578 ln
293 1517 368 1580 libro
379 1518 505 1600 Epodon
518 1530 640 1585 sanutus
654 1531 701 1581 eat
715 1519 937 1591 Archilochum,
951 1519 981 1579 in
993 1519 1101 1580 Satiris
1111 1517 1265 1577 Ιίοειιιιιοι
1278 1516 1346 1578 illos

243 1614 373 1676 Ennium
387 1627 418 1677 ct
433 1618 588 1682 Lucilium.
631 1617 690 1680 Sed
707 1617 853 1678 Horatio·
869 1615 943 1676 nihil
956 1616 1015 1676 hoc
1030 1616 1060 1676 in
1075 1632 1184 1696 genere
1197 1626 1346 1693 prostan-

242 1712 301 1773 tius
314 1724 373 1788 ast,
391 1715 442 1795 qni
456 1726 491 1776 ut
504 1734 606 1776 omncs
618 1716 687 1776 ritas
702 1715 831 1775 rationes
846 1712 877 1772 in
891 1712 997 1774 Satiris
1010 1712 1073 1774 suis
1086 1709 1263 1792 complexus
1278 1712 1342 1785 luit,

241 1808 284 1870 ita
292 1810 435 1873 flosculos
443 1810 626 1892 suppeditat,
640 1812 748 1891 quibua
760 1810 911 1871 rnirnrn'in
922 1810 1044 1872 modum
1055 1828 1161 1872 ornare
1176 1829 1343 1872 sermonem

240 1916 376 1966 nostrum
390 1927 562 1987 possumus.
598 1908 664 1988 Ego
676 1908 881 1969 certaSatiras
895 1907 960 1989 ejus
974 1927 1079 1969 omncs
1093 1909 1243 1970 memorias
1260 1927 1343 1968 man·

241 2001 305 2063 dari
315 2001 415 2077 velim,
430 2014 494 2065 tum
504 2005 534 2066 iu
545 2005 607 2066 vita
617 2006 693 2087 ipsa,
706 2014 768 2067 tum
779 2006 809 2065 in
823 2023 959 2068 sarmona
969 2006 1037 2069 usui
1048 2006 1174 2068 futuras.
1213 2006 1344 2087 Elegan-

240 2099 359 2161 tissima
372 2100 472 2163 omnia
485 2114 567 2177 snut,
587 2102 679 2164 dictio
698 2102 805 2177 nitida,
827 2113 869 2175 at,
893 2102 1074 2165 sinnmcroa
1089 2102 1191 2175 tollas,
1214 2103 1343 2165 sermoni

240 2196 340 2259 soluto
355 2210 435 2279 apta.
478 2198 638 2261 Urbanitaa
648 2199 678 2260 in
687 2220 723 2261 eo
737 2199 823 2273 miro,
838 2200 920 2262 sales
933 2198 1068 2275 candidi,
1081 2219 1119 2261 ax
1133 2199 1236 2263 abdito
1249 2210 1342 2260 erutau

240 2296 409 2370 sententias,
420 2297 544 2377 argutius
557 2317 618 2358 non
631 2309 759 2372 coactas,
773 2316 863 2359 merra
874 2297 1024 2368 Charites,
1036 2297 1118 2358 omni
1127 2298 1279 2359 occasioni
1293 2318 1344 2378 ap·

240 2401 291 2451 tm.
332 2392 487 2453 Summum
501 2393 532 2453 in
544 2392 596 2454 illo
611 2392 674 2454 viro
689 2393 840 2473 ingenium
855 2393 922 2465 fuit,
934 2413 990 2455 uec
1003 2394 1149 2455 immerito
1163 2394 1302 2475 Augusto
1314 2406 1345 2456 et

241 2487 401 2548 Marcenati
422 2488 452 2548 in
472 2488 598 2564 deliciis,
622 2489 709 2570 cujus
730 2491 1025 2570 genium·aatiricum
1047 2486 1138 2552 nemci
1147 2510 1184 2550 cx
1199 2492 1342 2571 antiquis,

237 2602 326 2644 namo
339 2604 356 2646 a
367 2585 591 2659 recentioribus,
606 2586 669 2647 ulla
682 2587 847 2649 imitatione
858 2599 1016 2649 assecutus
1030 2598 1087 2649 cat.
1129 2587 1179 2648 Jo.
1191 2588 1340 2658 Caselius,

236 2678 269 2738 in
282 2680 427 2763 Nasson,
451 2682 606 2744 Horatium
629 2683 700 2745 ritas
721 2685 897 2765 magistrum
918 2684 1144 2759 commendans,
1163 2690 1173 2719 ‘
1184 2684 1341 2747 Affirmare

236 2795 297 2836 non
313 2776 467 2852 dubitem,’
491 2779 599 2858 inquit,
625 2780 696 2860 ‘qui
716 2781 747 2840 in
768 2780 826 2842 hoc
840 2790 931 2861 poita
945 2782 1072 2843 multum
1087 2802 1184 2862 operm
1197 2783 1343 2860 posuerit,

237 2891 366 2952 eumque
386 2873 429 2933 ita
448 2873 650 2957 perdidicerit,
675 2887 709 2937 ut
729 2877 795 2957 ejus
816 2897 920 2939 versus
935 2900 994 2941 non
1011 2880 1041 2940 in
1056 2898 1108 2939 ora
1121 2890 1210 2940 natos
1224 2889 1277 2940 aut
1290 2900 1342 2941 ax·

235 2967 426 3049 temporales,
449 2980 483 3030 ut
497 2981 630 3051 putatur,
653 2991 714 3033 uon
729 2975 872 3037 memoria
883 2987 996 3048 teneat,
1017 2981 1087 3054 (nec
1100 2996 1172 3039 saro
1183 2995 1244 3038 uon
1259 2986 1342 3051 aunt,

236 3066 287 3145 qui
300 3064 358 3126 hoc
378 3068 594 3147 prostiterint.)
615 3069 670 3130 aed
697 3072 788 3151 proba
807 3073 976 3135 intellector
996 3074 1035 3134 ad
1057 3093 1130 3135 usus
1152 3074 1220 3134 vitm
1241 3084 1341 3135 trans·

235 3162 329 3234 scrat3
354 3163 434 3225 hune
454 3184 544 3246 posse
559 3167 647 3227 rabua
662 3168 724 3229 ruis
739 3188 920 3251 suorumque
934 3181 1014 3234 ractc
1028 3171 1057 3231 in
1074 3171 1212 3232 omnibus
1226 3171 1339 3253 aliquid

234 3259 306 3321 boni
320 3261 436 3322 consilii
450 3262 598 3325 inveniro:
615 3284 670 3325 nec
684 3265 783 3327 minus
798 3266 878 3328 idam
890 3268 996 3350 patria)
1007 3277 1089 3331 recte
1098 3268 1248 3343 consulat,
1263 3289 1342 3350 prse-

170 3348 173 3355 ’
234 3358 334 3419 sertim
344 3361 369 3420 si
383 3371 414 3422 et
424 3359 462 3420 ad
473 3360 627 3422 historiam
640 3381 672 3422 se
687 3364 832 3437 conferat,
848 3377 989 3445 rpectans
1000 3366 1043 3440 id,
1057 3367 1139 3447 quod
1150 3367 1340 3448 potissimum

232 3454 442 3519 ostendimus!
483 3456 621 3521 Bentleio
641 3459 671 3520 in
693 3461 773 3521 notis
787 3480 817 3541 p.
833 3463 884 3522 64.
899 3464 1042 3524 lloratius
1056 3464 1166 3525 dicitur
1188 3471 1338 3545 ‘magnus

232 3551 379 3623 notator,'
397 3551 479 3632 quod
494 3573 531 3613 ex
546 3553 663 3615 Groecis
676 3556 706 3614 in
729 3557 866 3618 Latinam
881 3559 1014 3640 linguam
1029 3561 1106 3623 salici
1128 3561 1256 3624 audacia
1277 3562 1340 3631 alia

235 3646 398 3719 transtulit,
419 3647 489 3721 alia,
508 3659 543 3708 ut
566 3651 665 3710 ‘mala
679 3651 786 3714 feriati’
798 3657 988 3732 vocabulum,
1004 3657 1069 3740 ipsa
1083 3659 1198 3739 primus
1211 3660 1339 3721 affinxit.

233 3742 345 3803 Confer
355 3743 423 3805 lan.
435 3743 517 3806 Frid.
529 3746 684 3807 lleimanni
697 3748 850 3812 historiam
863 3755 1076 3817 vocabulorum
1089 3757 1203 3818 Latium
1214 3758 1338 3838 linguas

230 3857 262 3923 p.
277 3843 328 3902 43.
344 3860 390 3921 aq.
412 3904 413 3907 ,
433 3840 518 3903 Alius
534 3842 688 3919 Horatius,
710 3846 749 3906 de
775 3868 835 3929 quo
851 3850 1001 3912 Martialis
1024 3872 1073 3916 rt.
1089 3858 1121 3916 2.
1163 3853 1223 3915 Sed
1245 3855 1337 3936 longe

229 3937 331 4018 plures
351 3938 409 4002 hoc
429 3939 550 4002 nomina
569 3958 780 4007 commemorat
800 3947 850 4009 Jo.
864 3947 1071 4032 Glandorpius
1091 3953 1122 4013 in
1138 3952 1336 4015 Onomastico

231 4034 368 4099 Romano
382 4058 414 4119 p.
428 4041 499 4102 402.
514 4059 560 4122 sq.
603 4040 650 4103 Dc
664 4042 754 4116 litio,
769 4045 859 4123 po'c'ta
874 4045 991 4128 Lysian,
1007 4050 1215 4113 Broolrhusius
1229 4050 1269 4111 ad
1283 4051 1335 4111 Ti-

264 4232 277 4277 l
294 4226 398 4279 Mothol.
409 4231 527 4298 Polybiat
541 4236 556 4284 l.
570 4251 610 4285 ιιι.
623 4252 645 4286 ι.
654 4242 678 4286 d.
688 4253 714 4301 p.
726 4240 784 4288 odd·
795 4234 864 4287 Tam.
875 4254 893 4287 r.
