2992 4884
228 389 317 460 lm
549 401 747 456 aacnnsue
774 401 989 453 nnrrronun

228 559 318 623 aiensi
336 557 424 638 Bloq.
439 557 521 619 Prol.
536 561 555 616 2
571 555 642 619 roll.
657 556 738 639 apud
754 556 858 618 fratres
872 555 1003 616 Barlrou.
1017 553 1112 614 Pa'ris.
1129 557 1159 615 8.
1183 552 1211 613 la
1226 552 1327 613 Hora·

227 658 302 718 tium
314 667 344 717 et
364 656 403 715 ad
419 655 519 717 Codd.
533 655 611 716 Mas.
636 654 725 716 fldem
740 664 772 715 et
784 653 886 714 rnultis
900 652 974 713 locis
995 672 1032 713 ex
1055 651 1176 731 ingenia
1188 652 1328 721 correxit,

228 754 333 834 majori
360 753 540 834 anogantia,
567 773 657 834 quam
683 751 841 821 doctrinar
862 750 933 812 hinc
961 747 1089 810 subinde
1116 748 1279 827 castigator
1308 766 1329 805 a

230 850 404 911 Sauedoao.

273 949 350 1010 1771
373 945 566 1026 Cnalngamll
591 964 615 1006 1.
650 945 806 1020 Poemata,
826 965 864 1007 ex
896 943 1027 1023 antiquis
1051 940 1152 1003 Codd.
1180 950 1212 1002 ot
1235 939 1325 1002 certis

232 1045 361 1106 Obserr.
385 1043 565 1116 emendavit,
585 1043 741 1123 variasque
767 1043 944 1124 scriptorum
966 1051 997 1101 et
1019 1040 1231 1121 impressorum
1255 1038 1328 1098 loo·

232 1141 330 1201 tiones
351 1138 463 1220 adjecit
485 1140 572 1199 Alex.
588 1139 817 1221 Cuningamias.
861 1139 959 1220 Hegea
973 1136 1059 1197 Com.
1075 1136 1157 1217 apud
1181 1134 1239 1196 Th.
1254 1134 1328 1195 Jan·

235 1256 301 1297 son.
319 1239 348 1296 8.

272 1366 314 1380 -
334 1331 439 1411 Fiasd.
454 1331 735 1395 Animadversiones
748 1333 778 1394 in
790 1331 879 1394 llich.
894 1330 1022 1393 Bentleii
1035 1340 1134 1404 notas,
1145 1341 1176 1391 et
1188 1328 1328 1391 emenda·

234 1429 331 1491 tiones
346 1429 386 1489 ad
399 1429 438 1498 Q.
453 1430 494 1490 H.
511 1430 545 1490 F.
560 1431 658 1510 Hagre
681 1431 767 1490 Com.
794 1428 876 1509 apud
899 1427 956 1489 Th.
980 1428 1107 1489 Janson.
1123 1429 1154 1489 8.

276 1527 492 1607 Cuningamius
506 1528 555 1588 ed.
578 1548 662 1589 suam
680 1525 906 1606 quadringentis
930 1524 1000 1608 plus
1013 1525 1085 1585 locis
1099 1523 1329 1585 emendatiorem

236 1624 412 1685 Bentleiana
426 1624 590 1685 adornasse
605 1645 638 1685 se
652 1624 797 1692 affirmat:
819 1630 915 1684 oenoe
928 1640 1004 1701 quas
1029 1620 1102 1682 dicit
1116 1621 1275 1681 mamati.
1289 1622 1332 1679 in·

235 1721 338 1800 primis
352 1741 389 1781 ex
404 1720 483 1783 cad.
508 1721 669 1782 Blandinio
691 1718 899 1799 antiquissimo
924 1719 1048 1797 Gruquii
1071 1728 1102 1778 et
1123 1717 1222 1778 Pierio
1245 1717 1333 1777 Vale·

236 1819 332 1890 riano,
346 1816 402 1876 sibi
424 1817 603 1877 informavit.
646 1816 790 1884 Quamvis
817 1825 914 1876 autem
937 1814 1007 1876 odio
1022 1814 1151 1877 Bentleii
1174 1814 1215 1874 ad
1230 1834 1334 1894 super·

236 1914 316 1973 biam
328 1912 451 1974 vertisse
464 1912 609 1984 videatur,
624 1911 849 1974 emendationes
859 1921 959 1971 tamen
971 1912 1034 1992 ejus
1048 1924 1209 1976 censentur
1223 1912 1336 1973 doctis·

238 2007 322 2070 simae
337 2027 404 2068 esse
418 2018 449 2068 et
472 2008 730 2089 ingeniosissime,
754 2029 849 2089 saepe,
864 2020 897 2069 ut
921 2009 1044 2070 ellani
1066 2010 1225 2082 existimat,
1248 2009 1274 2068 si
1297 2008 1335 2067 ad

238 2106 322 2186 leges
337 2105 408 2165 artis
431 2105 542 2167 criticae
556 2106 756 2180 excutiantur,
769 2124 824 2186 pro
845 2106 932 2167 unice
945 2107 1022 2168 veris
1036 2106 1214 2168 lectionibus
1224 2105 1336 2176 haben·

241 2202 301 2263 dae.
345 2202 442 2262 Etiam
456 2202 521 2282 ejus
543 2204 670 2265 audacia
690 2203 809 2264 videtur
831 2201 945 2273 melior,
971 2221 1060 2282 quam
1076 2201 1200 2264 aliorum
1215 2202 1336 2262 indocta

240 2298 408 2367 modestior
429 2298 509 2359 unde
534 2301 631 2382 ipsum
645 2320 736 2360 unum
750 2301 893 2370 omniurn,
907 2299 958 2378 qui
981 2299 1011 2358 in
1037 2299 1193 2360 Horatium
1209 2299 1336 2379 scripse·

241 2406 321 2466 rant,
334 2395 502 2455 criticorum
523 2395 697 2477 principem,
720 2397 836 2477 ipsique
850 2396 987 2456 Bentleio
1015 2396 1250 2469 anteferendum,
1270 2414 1339 2477 pro-

242 2492 379 2552 nuntiare
392 2490 474 2551 haud
484 2491 602 2552 dubitat
615 2493 697 2553 lani.
1333 2551 1337 2558 ,

284 2621 326 2632 -
346 2587 537 2668 Cuniugamii
552 2609 591 2649 11.
618 2589 774 2662 Poemata,
800 2609 867 2652 cum
885 2590 1152 2652 observationibus
1176 2589 1288 2652 criticis
1309 2599 1339 2651 et

244 2684 425 2745 venantibus
449 2685 627 2746 lectionibus
655 2686 740 2746 Alex.
756 2685 954 2765 Coningamii,
983 2706 1043 2746 nna
1067 2707 1133 2748 cum
1157 2686 1341 2748 animadver-

244 2781 379 2841 sionibus
395 2780 493 2859 ejusd.
508 2782 538 2839 in
564 2781 651 2843 Rich.
667 2781 796 2843 Bentleii
810 2794 897 2843 notas
920 2793 950 2843 et
974 2784 1200 2844 emendationes
1216 2782 1255 2844 ad
1277 2784 1340 2844 Hc·

117 2939 118 2944 ,
244 2876 361 2937 ratium.
386 2875 512 2935 londin.
536 2877 615 2956 apud
639 2878 773 2939 Vaillant
795 2879 974 2941 etPrevost.
990 2885 1021 2941 8.
1056 2883 1089 2941 ln
1113 2879 1234 2943 haced.
1258 2882 1341 2942 obss.

246 2974 358 3034 critiam
371 2974 464 3033 textui
476 2974 619 3054 subjectae
636 2974 794 3037 accedunt.

287 3103 328 3114 —
348 3089 414 3129 curn
430 3072 509 3131 notis
523 3071 541 3131 J
546 3073 669 3132 uvencii.
685 3075 704 3129 7
719 3074 800 3132 tomi.
816 3072 911 3134 Paris.
928 3077 957 3135 8.
1214 3151 1218 3159 .

285 3200 328 3211 ·-
347 3167 458 3244 Opera,
472 3167 575 3228 soced.
592 3169 684 3228 lndex
698 3169 873 3231 variantium
884 3171 1056 3238 Lectionum
1069 3172 1239 3251 insignioris
1251 3182 1341 3242 notra,

247 3264 435 3344 quaepassim
451 3265 480 3323 in
498 3265 574 3325 Mss.
589 3276 760 3326 occurrunt.
777 3265 913 3340 Dabunt,
929 3289 981 3347 per
996 3269 1135 3329 Grieson.
1153 3272 1199 3329 12.

289 3396 330 3407 -
351 3363 385 3421 ln
400 3382 481 3442 corp.
493 3365 586 3442 poert.
599 3363 694 3424 Latin.
710 3383 758 3442 ap.
775 3365 815 3423 ls.
830 3364 972 3426 Vaillant.
990 3366 1113 3432 Londin.
1128 3365 1180 3428 rot.

292 3462 369 3517 1723
390 3458 451 3517 Jer.
467 3459 655 3519 Marclrlandi
671 3460 806 3539 Epistola
820 3461 923 3522 critica
934 3462 972 3522 ad
988 3463 1219 3524 eruditissimum
1235 3463 1343 3534 virum,

249 3552 440 3612 Franciscum
454 3554 545 3624 Here,
558 3556 588 3615 in
604 3576 664 3634 qua
678 3556 796 3618 Horatii
820 3557 888 3619 loca
901 3557 1013 3639 aliquot
1027 3571 1058 3620 et
1072 3560 1196 3620 aliorum
1211 3571 1342 3620 veterum

249 3648 455 3709 emendantur.
483 3649 576 3729 Typis
601 3651 800 3715 Academicis.
826 3655 971 3716 Cantabr.
987 3657 1157 3717 4.-Lubor
1176 3657 1266 3736 hujus
1290 3658 1344 3717 viri

249 3745 353 3806 merito
366 3742 514 3805 laudatur.
530 3746 599 3807 Vid.
616 3749 682 3808 llct.
699 3749 785 3810 erud.
801 3747 881 3830 Lips.
896 3752 933 3811 dc
949 3773 998 3814 on.
1017 3756 1109 3816 1726.
1124 3775 1154 3834 p.
1170 3758 1241 3815 468.

289 3877 329 3890 -
350 3861 418 3903 cum
433 3842 511 3901 notis
525 3843 666 3904 Junclseri
682 3857 712 3906 et
727 3846 863 3909 Minellii.
880 3849 961 3928 Lips.
980 3853 1027 3912 12.

293 3943 371 4001 1724
393 3941 432 4009 Q.
448 3941 563 4001 Horatii
589 3942 690 4004 Flacci
711 3943 865 4017 Poemnta,
889 3946 942 4005 mit
956 3945 1084 4019 Heinsii,
1109 3947 1263 4027 Rappolti,
1284 3948 1346 4006 Da·

250 4038 339 4108 cierii,
369 4039 525 4108 Maneant,
552 4039 716 4113 Tartaroni,
754 4040 790 4101 P.
819 4042 912 4100 Coste
937 4044 1156 4116 auserlesencn,
1184 4045 1238 4105 vrie
1267 4044 1343 4104 auch

250 4134 352 4194 seinan
367 4135 491 4212 eigenen
508 4136 773 4218 Philosophisclren
791 4137 853 4197 und
870 4139 1076 4201 Historischen
1102 4142 1346 4223 Annrerlrungen,

251 4223 315 4292 von'
325 4230 440 4308 Caspar
455 4231 660 4311 Gottschling.
676 4234 776 4306 Helle,
791 4238 820 4296 8.

295 4330 373 4387 1725
397 4327 528 4406 Eologaa,
540 4349 607 4389 cnm
618 4330 737 4391 sclroliis
751 4333 901 4413 perpetuis
916 4342 977 4396 tarn
987 4335 1134 4397 veteribus
1148 4356 1239 4417 quarn
1252 4337 1351 4409 norit,
