2992 4884
485 395 520 456 o.
544 389 706 445 norrun
737 391 884 443 runonr.
1145 378 1231 449 1977

137 551 169 610 et
179 547 219 609 de
232 567 289 608 suo
299 544 394 606 multe
405 544 485 607 bona
498 545 625 621 addidit,
638 544 720 608 haud
734 555 833 606 tamen
848 562 965 627 semper
974 556 1231 630 recurrensque

137 664 204 705 raro
217 644 342 724 copiosa
355 642 441 703 nimis
466 653 496 703 et
517 642 625 704 aliena.
666 641 804 722 Inprimis
817 659 889 704 vero
907 640 1096 724 culpaturob
1109 645 1231 707 nimiuni

140 740 293 820 allegorias
307 738 439 800 studium
454 739 484 799 in
499 738 749 820 interpretatione.
792 775 797 786 ·

183 839 264 897 1682
281 838 326 906 Q.
346 835 387 897 H.
412 836 447 897 F.
470 837 664 909 Dmblemata‚
693 836 882 916 imaginibus,
911 837 1049 917 notisque
1075 839 1233 914 illustrata,

141 933 242 995 studio
258 933 331 996 Oth.
342 932 450 1006 Voenii,
464 933 555 993 editio
569 952 648 993 nora
657 931 826 1016 correctior,
840 944 871 993 et
882 934 937 993 SS.
952 933 1085 1010 Petrum,
1099 937 1234 1008 Senecio,

140 1043 230 1111 atque
245 1029 369 1090 aliorum
394 1029 643 1111 Philosophorum
665 1039 696 1090 et
721 1033 876 1110 politorum
898 1031 1065 1107 sententiis,
1090 1034 1235 1114 novisque

141 1127 276 1187 versibus
291 1135 389 1188 aucta
411 1126 533 1188 Bruxel.
549 1130 581 1187 4.

180 1258 223 1269 —
243 1222 351 1284 Bondii
365 1241 454 1283 ιιιιι.
470 1222 689 1304 Amste1.apud
703 1223 831 1285 Janson.
846 1224 1014 1306 Woesberg.
1031 1227 1079 1287 12.

180 1353 223 1365 -
244 1319 351 1398 Opera.
366 1318 473 1379 Venet.
492 1319 540 1380 12.

186 1418 264 1477 1683
285 1417 324 1485 Q.
334 1416 374 1475 H.
391 1416 425 1477 F.
439 1435 508 1476 curn
532 1413 774 1497 interpretatione
789 1428 821 1478 et
833 1417 912 1477 notis
924 1418 1005 1480 Petri
1016 1418 1146 1481 Rodellii
1161 1421 1194 1482 S.
1205 1423 1237 1482 J.

143 1514 182 1574 ad
196 1514 261 1574 Ser.
283 1511 449 1575 Galliarum
473 1511 667 1593 Delphinum.
707 1513 837 1585 Tolosoe,
852 1533 905 1593 per
914 1515 997 1575 Guil.
1009 1514 1085 1577 Lud.
1100 1517 1239 1577 Colonie-

143 1611 227 1671 rium.
245 1607 483 1683 a-ltodellius,
499 1610 551 1689 qui
565 1610 680 1690 privato
695 1629 772 1670 ausu
784 1611 940 1670 Horatium
955 1610 985 1669 in
999 1630 1087 1672 usum
1098 1611 1237 1693 Delphini

144 1706 248 1781 edidit,
263 1724 360 1789 pauca
373 1704 503 1785 quidem,
528 1706 584 1766 sed
608 1708 689 1767 bona
711 1705 742 1765 in
768 1705 926 1767 Horatium
950 1707 1147 1790 conscripsit;
1169 1727 1238 1788 qum
1358 1698 1363 1706 ’

144 1806 276 1865 moribus
291 1804 398 1864 obesse
411 1801 454 1862 illi
469 1801 533 1862 risu
547 1812 628 1877 sunt,
643 1821 698 1863 sua
712 1803 742 1862 in
757 1802 932 1883 paraphrasi
945 1803 1065 1866 omittit.

187 1904 268 1961 1684
289 1900 362 1961 Oth.
376 1898 474 1959 Voenii
497 1898 685 1961 Emblemata
699 1899 877 1975 Horatiana,
900 1919 948 1982 ap.
964 1899 1060 1965 Henr.
1078 1900 1239 1965 Wetstein.

148 1997 272 2059 Amatel.
288 1999 317 2058 8.

189 2097 269 2155 1685
289 2095 329 2163 Q.
345 2092 386 2155 H.
402 2094 436 2154 F.
451 2093 593 2157 Selector.
606 2095 738 2155 carmin.
754 2094 818 2156 Lib.
834 2111 883 2154 ιν.
898 2093 994 2157 Paria.
1008 2098 1041 2155 4.

187 2227 230 2239 -
250 2193 314 2252 Sat.
327 2190 404 2272 Epp.
424 2202 456 2253 et
476 2192 534 2253 Ars
552 2193 634 2272 poiit.
650 2193 688 2252 ab
709 2190 794 2251 Hier.
816 2190 993 2266 Tortorem,
1016 2191 1049 2250 8.
1072 2191 1103 2252 J.
1126 2189 1242 2252 Gallice

149 2310 242 2351 verare
257 2288 296 2349 ad
310 2290 478 2369 exemplum
493 2289 565 2351 edit.
579 2290 645 2350 Lat.
660 2287 808 2350 Juvencii.
823 2287 919 2348 Paris.
934 2289 982 2350 12.

194 2389 274 2447 1686
295 2386 406 2466 Opera,
418 2405 486 2448 curn
500 2387 580 2447 notis
594 2385 666 2447 Jod.
680 2384 814 2445 Maresii.
828 2382 934 2446 Duooi.
949 2385 982 2448 8.

191 2517 234 2530 -·
254 2482 365 2564 Opera,
378 2483 442 2544 sine
456 2483 708 2544 annotationibus.
724 2481 819 2544 Paris.
838 2483 886 2545 12.

193 2614 234 2625 —
253 2599 322 2641 cum
335 2580 415 2641 notis
428 2579 559 2641 Rodellii
571 2599 612 2640 ιι.
635 2597 699 2661 rep.
723 2578 773 2641 ed.
799 2580 887 2641 1683.
911 2578 1008 2640 Paris.
1032 2597 1085 2659 per
1104 2576 1156 2638 Ol.
1170 2575 1243 2636 lhi-

157 2679 257 2738 houst.
272 2680 321 2740 l2.
930 2685 934 2690 '

199 2776 277 2835 1687
299 2774 410 2855 Opera.
424 2773 521 2836 Paria.
540 2777 588 2835 12.

198 2873 275 2932 1688
298 2870 510 2932 Schreveliana
524 2889 572 2931 rr.
588 2867 685 2949 Lugd.
700 2869 736 2929 Β.
752 2872 782 2930 8.

194 3002 238 3014 -
257 2967 397 3029 Carmina
409 2977 584 3047 expurgata.
599 2966 742 3027 Turouib.
756 2966 805 3026 12.

196 3100 238 3115 -
258 3065 368 3145 Opera.
383 3064 493 3125 Venet.
514 3066 563 3124 12.

196 3198 238 3210 -
259 3182 306 3243 aq.
319 3160 431 3242 Opera.
446 3160 544 3221 Paris.
558 3164 591 3222 4.

202 3260 279 3320 1689
300 3257 468 3319 Daoeriana
482 3277 522 3318 ιι.
538 3253 677 3335 Lugduni
690 3253 787 3314 Paris.
797 3270 833 3315 x.
847 3262 920 3316 tour.
939 3256 986 3313 12.

201 3359 288 3436 1690,
300 3373 369 3416 curn
383 3355 462 3414 notis
476 3351 607 3413 Rodellii
619 3371 675 3413 ιιι.
690 3349 818 3412 Londin.
833 3370 882 3432 ap.
896 3349 982 3410 Abel.
997 3347 1116 3410 Swalle.
1129 3352 1159 3410 8.

200 3489 242 3502 -
262 3449 371 3512 Dondii
385 3469 491 3512 xnrrr.
506 3469 574 3511 oum
588 3447 718 3529 parodiia
733 3446 855 3530 Hoppii.
871 3447 999 3509 Brunsr.
1013 3446 1062 3507 12.

199 3584 241 3599 --
261 3569 299 3610 ex
312 3568 372 3609 ree.
388 3549 469 3608 Dan.
483 3545 611 3607 Heinsii.
627 3544 753 3607 Amstel.
767 3548 818 3606 24.

199 3681 241 3698 -
261 3647 340 3729 Opp.
355 3663 424 3705 cum
438 3643 523 3705 noris
538 3663 624 3725 argg.
637 3641 734 3723 Lugd.
746 3644 814 3703 Bet.
826 3644 877 3706 24.

158 3788 169 3802 .
203 3746 279 3805 1691
304 3744 339 3804 Iu
352 3761 441 3803 usum
454 3739 597 3821 Delphini
612 3759 637 3800 1.
651 3739 763 3819 Opera,
782 3736 1025 3818 interpretatione
1038 3744 1069 3797 et
1092 3736 1171 3796 notis
1185 3731 1254 3795 illu·

162 3835 571 3919 sinnanudovmesprez,
593 3835 625 3896 in
648 3855 737 3896 usum
760 3834 912 3916 Delphini.
936 3831 1076 3896 Peris.4.
1104 3851 1157 3913 per
1172 3828 1254 3891 Frid.

162 3935 331 4001 Leonhard.
361 3935 516 4016 Despresii
542 3929 784 4007 commentarius,
813 3929 953 4011 neglecta
979 3925 1117 3992 doctrine
1141 3926 1258 4001 critica,

161 4031 785 4115 totusestesuperioribusinterpretibue.
1240 4019 1244 4026 ’

203 4159 244 4181 -
265 4132 434 4194 Docerinna
449 4149 506 4192 111.
519 4126 617 4193 Parin.
631 4149 661 4191 x.
675 4129 761 4191 Tem.
778 4123 828 4186 12.

203 4263 246 4278 ·-
265 4227 380 4292 Eadem
396 4246 444 4291 rr.
460 4219 601 4311 Lugduni
613 4226 741 4309 (hyons)
752 4221 886 4306 repetitu.

229 4344 317 4411 Delph-
325 4349 351 4397 et
363 4343 422 4396 Vm
436 4342 502 4397 Cb.
663 4339 755 4392 Horat·
