2992 4884
241 315 329 382 1080
613 327 768 375 corruis
788 324 1001 375 nruuasara

241 482 470 562 chronologicae,
487 492 518 540 ut
534 476 700 560 insignibus
716 476 927 560 speciminibus
941 476 1168 549 demonstrarit,
1181 471 1262 534 band
1276 472 1346 533 sul·

241 580 349 661 geriter
362 580 476 660 peritus
489 580 539 640 do.
555 580 730 651 Massonus,
751 576 906 658 premissa
919 573 1036 636 Horatii
1049 572 1161 654 effigie,
1180 590 1271 652 qnam
1290 588 1347 630 es·

241 678 323 739 bibet
334 697 454 759 quoque
467 678 535 738 lac.
548 676 717 737 Gronovius
732 675 768 734 T.
783 693 841 736 ιιι.
849 672 995 734 Thesauri
1006 671 1111 752 Autiq.
1121 670 1175 732 Gr.
1186 669 1274 730 liter.
1288 687 1346 729 sss.

243 777 335 839 Extat
346 795 465 859 quoqne
475 775 589 856 effigies
605 772 721 833 Horatii
735 771 767 831 io
782 770 895 852 duplici
915 788 1037 831 nummo
1057 767 1142 849 spud
1155 768 1344 849 sigebertum

243 873 480 956 llasercanrpum
495 871 567 932 diss.
583 871 621 931 de
633 871 729 931 nuruis
744 867 939 931 contorniotis
953 887 985 946 p.
1002 867 1071 927 167.
1100 864 1201 925 Vitam
1213 863 1343 935 Horatii,

242 992 311 1052 qnae
337 970 480 1032 Suetonio
505 969 618 1031 auctori
645 967 793 1039 tribuitur,
820 986 858 1026 ex
885 964 997 1025 Codice
1028 962 1090 1023 Ms.
1114 961 1248 1042 vulgavit
1275 960 1344 1021 Pet.

243 1068 458 1129 Nanniuscum
471 1065 718 1147 castigationibus
734 1062 796 1124 suis
811 1062 1032 1123 Miscellaneor.
1048 1078 1105 1122 111.
1119 1078 1147 1119 c.
1163 1061 1192 1117 2.
1204 1057 1303 1134 (lom.
1319 1077 1345 1121 ι.

242 1164 402 1248 Lampadio
417 1165 531 1225 Artium
547 1163 734 1225 Gruterianae
748 1180 820 1243 pag.
838 1161 939 1235 1261.)
951 1159 1024 1219 Vita
1038 1156 1155 1219 Horatii
1167 1175 1185 1216 a
1197 1157 1247 1218 Jo.
1260 1155 1346 1216 blas·

243 1282 298 1323 sorr
310 1266 322 1321 ¹.
341 1262 451 1340 scripta
465 1259 575 1341 prodiit
588 1258 685 1339 Lugd.
698 1258 768 1319 Bet.
790 1260 879 1319 1708.
895 1259 924 1316 6.
944 1254 1104 1317 Videndus
1118 1253 1209 1315 etiam
1225 1252 1265 1315 de
1279 1252 1345 1314 Ho-

242 1360 440 1440 ratioTaoeq.
453 1359 549 1419 Faber
561 1358 613 1417 lib.
630 1376 669 1417 ιι.
686 1355 783 1436 Epist.
796 1357 846 1415 47.
876 1352 960 1415 ldem
969 1353 1133 1415 Massccus
1147 1352 1179 1412 in
1190 1351 1272 1414 Hist.
1286 1352 1345 1413 cri·

242 1456 302 1515 tica
314 1454 402 1537 Reip.
418 1455 539 1537 Literer.
554 1473 642 1534 quarn
654 1453 771 1514 Gallice
781 1450 876 1512 edidit
885 1451 971 1511 Tum.
988 1470 1020 1511 v.
1034 1470 1064 1530 p.
1080 1453 1130 1510 61.
1146 1469 1192 1529 sq.
1207 1448 1346 1511 defendit

242 1553 375 1613 carmina
395 1554 426 1613 in
447 1553 528 1614 libris
541 1552 687 1624 Odarnrn,
709 1549 835 1621 Satires,
856 1559 886 1608 et
900 1547 1053 1628 Epistulas
1074 1546 1209 1628 singulas
1224 1547 1262 1607 ab
1278 1546 1343 1606 llo·

243 1651 329 1724 ratio,
343 1661 429 1731 prcnt
444 1650 533 1711 ferret
543 1649 674 1721 occasio,
689 1649 780 1708 iubae
796 1645 923 1728 scriptas
936 1647 1016 1708 rasio
1027 1655 1159 1727 tempore
1169 1644 1343 1725 separatim,

243 1756 274 1806 et
287 1745 398 1807 deinde
413 1747 450 1806 ab
464 1745 615 1806 eodem'iu
629 1745 720 1804 libros
734 1744 891 1806 redactas:
917 1762 1014 1824 neque
1035 1741 1112 1804 adeo
1125 1740 1225 1802 uideri
1247 1739 1345 1802 credi-

242 1843 312 1915 bile,
333 1842 414 1922 qood
427 1841 628 1902 eruditissimo
641 1841 777 1902 Bentleio
796 1858 972 1921 persuasum
987 1840 1087 1913 luerit,
1112 1845 1167 1916 (s.
1177 1838 1263 1922 prael.
1279 1838 1344 1918 ejus

243 1939 281 1998 ad
297 1938 450 1999 Horatium
463 1938 500 1998 ab
514 1940 580 2017 ipso
594 1938 755 2014 curatum)
769 1936 840 1998 nibil
855 1936 913 1997 nisi
927 1937 1041 1998 Satires
1055 1937 1150 2017 primo
1171 1937 1247 1997 libro
1260 1956 1343 1998 com·

242 2035 405 2116 prebensas
428 2035 585 2116 scripsisse
608 2035 765 2095 Horatium
786 2053 867 2095 enno
881 2035 931 2095 16.
947 2037 997 2101 27.
1014 2037 1065 2096 18.
1089 2046 1143 2096 aut
1163 2034 1272 2099 librum
1294 2054 1346 2097 se·

241 2132 373 2195 cundum
388 2133 550 2194 Satirarum
564 2152 643 2194 anno
655 2134 706 2192 31.
722 2133 772 2192 31.
786 2133 835 2191 33.
858 2130 985 2211 Epodcn
1005 2131 1112 2195 librum
1131 2150 1211 2192 anno
1226 2135 1279 2193 34.
1293 2134 1346 2193 36.

242 2230 346 2296 librum
358 2232 483 2311 primurn
498 2229 633 2290 Odarum
648 2248 676 2289 a.
691 2228 790 2291 astatis
805 2229 855 2290 36.
871 2231 920 2291 37.
934 2231 985 2289 38.
1002 2226 1168 2291 meandum
1181 2231 1233 2290 40.
1247 2238 1281 2291 et
1292 2232 1346 2291 41.

241 2329 361 2389 tertium
375 2346 455 2387 anno
470 2328 521 2388 41.
536 2329 588 2389 43.
631 2324 830 2406 Epistolarum
844 2324 952 2387 librum
972 2326 1112 2408 primum,
1131 2345 1212 2387 anuo
1223 2328 1277 2388 46.
1292 2329 1346 2395 47.

242 2425 348 2485 librum
357 2435 495 2504 quartum
504 2421 636 2483 Odarum
647 2424 836 2509 Carmenque
845 2423 988 2485 seculare
998 2424 1049 2484 49.
1057 2426 1107 2485 60.
1118 2426 1208 2485 etdl.
1223 2423 1344 2485 Librum

242 2519 408 2583 secundum
421 2520 619 2600 Epistolarum
630 2529 661 2581 et
671 2521 772 2581 Artem
783 2521 932 2600 poeticam
944 2520 1021 2581 nulli
1030 2532 1115 2582 certo
1124 2520 1250 2604 tempori
1262 2520 1345 2589 idem

242 2617 395 2681 bentleiua
408 2617 583 2698 assignavit.

283 2715 330 2776 De
351 2714 547 2797 Pbilcsopbia
568 2715 733 2777 Horatiana
755 2724 860 2778 extent
883 2715 1019 2779 diatriba
1038 2715 1090 2778 Jo.
1105 2714 1190 2778 Guil.
1212 2716 1347 2798 Bergeri,

241 2810 341 2872 Viteb.
358 2811 450 2871 1704.
464 2814 495 2870 4.
506 2821 537 2871 et
552 2811 705 2892 Henningi
721 2812 841 2886 Forelii,
857 2812 962 2893 Upsal.
979 2815 1068 2875 1706.
1084 2817 1114 2876 8.
1129 2814 1211 2875 Dan.
1226 2814 1345 2877 Heinsii

242 2907 281 2971 de
294 2906 393 2967 Satira
407 2905 573 2970 llumtiena
585 2908 659 2970 liber
672 2909 783 2991 sepius
804 2909 921 2972 editus:
943 2931 1001 2972 nec
1020 2911 1121 2972 minus
1141 2910 1241 2993 digne
1262 2911 1345 2979 lectu

241 3016 272 3067 et
286 3023 411 3066 amoenoe
425 3003 475 3065 Jo.
489 3003 557 3067 Jac.
568 3005 694 3067 Mereor
706 3005 933 3069 exercitationes
947 3007 1026 3067 bium
1040 3006 1080 3068 ad
1092 3007 1205 3081 Satires
1218 3008 1347 3083 Horatii,

242 3103 324 3186 lips.
344 3104 433 3163 1714.
450 3103 538 3163 1716.
552 3106 585 3164 4.
617 3103 667 3164 Ad
680 3104 780 3166 locum
794 3122 862 3166 sero
877 3102 955 3167 Ode
970 3106 1020 3166 34.
1035 3104 1101 3166 libri
1115 3125 1140 3167 ι.
1153 3105 1215 3179 ubi,
1228 3108 1348 3186 palino-

244 3201 323 3263 diam
337 3198 473 3263 canentis
487 3199 516 3259 in
528 3199 660 3274 modurn,
675 3201 803 3282 Epicuro
819 3201 935 3275 ridetur
946 3202 1125 3278 renuntiare,
1139 3213 1171 3265 et
1183 3213 1347 3269 retrorsum

241 3299 309 3362 vela
322 3299 393 3360 dare
408 3298 446 3358 ab
459 3295 635 3360 insanientis
648 3298 729 3359 illius
745 3298 899 3380 sapientie
913 3298 1071 3372 erroribus,
1092 3301 1226 3361 conferre
1242 3299 1348 3365 beabit

242 3395 482 3459 dissertationem
506 3393 629 3476 Georgii
651 3395 690 3457 R.
719 3397 794 3456 dCti
818 3394 962 3457 adversus
990 3394 1179 3468 blasconam,
1201 3397 1344 3461 insertam

109 3554 115 3560 ,
242 3491 337 3550 Novae
352 3489 431 3548 Bibl.
447 3487 588 3550 librorum
610 3490 737 3552 lielensi
759 3491 794 3554 P.
818 3496 866 3553 19.
881 3513 913 3573 p.
929 3494 999 3552 789.
1015 3508 1062 3572 sq.
1097 3493 1242 3556 Horatius
1263 3495 1346 3557 dulci

240 3587 396 3666 majestate
410 3602 466 3645 sna
476 3583 619 3646 Pindari²
642 3587 783 3662 imitator,
804 3589 886 3651 uode
900 3597 909 3625 ‘
921 3588 1122 3651 Pindaricum’
1134 3592 1270 3673 appellat
1282 3592 1345 3653 Ve-

240 3682 362 3744 nantins
374 3682 557 3742 Fortunatus
580 3682 631 3743 lib.
648 3704 679 3743 v.
694 3686 856 3747 carminum
871 3707 937 3768 cap.
952 3689 982 3746 6.
1027 3686 1112 3749 ldem
1127 3708 1179 3750 rx.
1194 3692 1224 3752 7.
1250 3690 1344 3753 ‘Pin-

240 3783 331 3847 darus
342 3779 452 3843 Graius
463 3797 558 3852 meus,
574 3780 643 3841 inde
659 3781 807 3848 Flaccus:
827 3784 925 3847 Julius
936 3802 1005 3845 vero
1020 3784 1126 3846 Cesar
1141 3786 1277 3868 Scaliger
1292 3809 1341 3853 ιι.

249 3976 253 3983 ⁴
274 4024 286 4067 1
306 4013 580 4081 HistoryoltbeWorks
586 4012 773 4063 oltbelemned
847 4016 863 4062 1
881 4011 946 4062 Vide
957 4012 1027 4071 iubs,
1044 4014 1084 4064 ubi
1096 4014 1127 4064 de
1137 4014 1262 4066 l’rnncisci
1272 4017 1350 4070 Blae.

240 4077 686 4143 eraca.p.sso.nib1.cnoisieds
701 4077 739 4126 Μ.
750 4078 774 4126 le
814 4075 873 4152 delli
887 4085 913 4125 et
931 4076 1034 4127 Hudami
1053 4080 1084 4129 ds
1102 4079 1128 4128 la
1141 4078 1223 4129 Motte
1242 4084 1349 4150 seriptis,

237 4143 774 4275 gistroup'foppoprpxppgsswoetssslrsn
813 4142 900 4211 quibus
908 4140 1036 4195 Pindarum
1045 4160 1098 4194 cum
1106 4144 1206 4195 Horatio
1214 4148 1350 4201 mutarunt.
