2992 4884
436 402 484 452 nn
501 405 548 465 tor
575 402 748 456 nonanto
772 403 931 458 unroco.
1104 460 1121 483 ,
1147 392 1237 462 lm

128 550 248 615 bullon
270 570 301 634 ρ.
327 555 379 617 ut.
401 574 450 636 sq.
491 556 539 618 De
552 557 653 620 canto
664 558 765 620 Basso
778 558 962 622 sunum
985 559 1085 622 Persii
1103 559 1144 622 stl
1166 561 1239 623 usu

1234 680 1242 711 J

131 669 181 710 vr.
198 653 228 713 1.

610 818 768 883 Ροέηιαω.

172 992 292 1073 Scripta
305 988 421 1053 Horatii
440 993 482 1054 ita
501 1008 637 1056 recenset
657 992 799 1057 Sidonius
813 998 995 1079 Apollinaris
1017 996 1156 1063 Carmine
1179 974 1236 1062 ur·¹

128 1109 174 1149 rs.
191 1090 267 1151 218.

295 1221 364 1283 Non
377 1221 459 1303 quod
468 1241 522 1303 per
535 1223 642 1286 κύω
657 1224 870 1305 Epistularum,
916 1290 920 1303 ,

294 1320 528 1400 Sermonumque
542 1321 633 1393 sales,
645 1341 815 1402 novumque
829 1316 967 1403 Epodon,

293 1417 397 1477 Libros
413 1416 572 1491 Carminis,
585 1437 623 1483 sc
635 1418 789 1481 Poiticsm
806 1429 910 1493 artem,

293 1513 399 1575 Plroebi
409 1513 549 1576 laudibus
562 1528 594 1579 et
606 1534 694 1597 uagas
709 1517 819 1577 Dianoe

294 1611 480 1691 conscriptis
495 1612 588 1676 voluit
599 1630 707 1677 sonare
723 1612 860 1675 Fluctus.

128 1755 206 1816 Hroc
217 1756 355 1819 universa
370 1754 486 1818 Horatii
498 1756 588 1820 hodie
602 1768 716 1822 extant.

172 1853 344 1915 Coruinum
363 1855 422 1915 sior
438 1855 570 1918 Odorum
591 1856 663 1918 libri
685 1857 738 1918 IV.
761 1856 800 1918 ud
816 1858 853 1920 C.
869 1856 999 1919 Cilnium
1021 1858 1230 1932 Mrece'natem,

127 1949 198 2011 licet
209 1951 334 2031 primam
349 1951 448 2012 Odam
462 1952 529 2012 libri
543 1954 629 2033 primi
642 1953 701 2033 (uti
716 1974 777 2014 non
790 1973 903 2034 paucos
919 1954 1034 2039 Virgilii
1047 1960 1164 2034 versus)
1179 1958 1236 2039 pro‘

128 2047 231 2127 spuria
250 2048 354 2109 habuit
369 2048 475 2111 Franc.
491 2048 639 2132 Guyetus,
664 2050 783 2124 doctus,
807 2051 861 2112 sed
883 2051 969 2111 nimis
984 2050 1102 2114 delicati
1122 2053 1233 2115 fastidii

127 2144 330 2206 Aristarchus.
372 2146 489 2207 Librum
503 2159 643 2227 quartum
664 2149 812 2228 exlongo
833 2148 990 2208 intervallo
1009 2147 1121 2211 addere
1140 2150 1233 2230 jussit

127 2243 297 2322 Augustus,
312 2254 346 2303 ut
359 2244 390 2303 in
403 2243 475 2304 Vita
490 2243 607 2306 Horatii
624 2245 785 2305 Suetonius
797 2243 948 2305 memoriae
962 2242 1101 2324 prodidit

170 2339 301 2421 Epodon
322 2337 397 2400 liber
416 2360 504 2415 unus,
528 2342 652 2421 perinde
673 2352 707 2403 ut
726 2341 792 2402 libri
815 2341 1002 2415 Geminum,
1026 2340 1107 2401 vario
1125 2359 1232 2420 genere

127 2457 269 2497 versuum
283 2437 426 2518 proodico
441 2448 472 2498 et
485 2438 612 2519 epodico
626 2440 767 2520 scriptus,
782 2438 820 2499 de
833 2435 1153 2518 quibusconsulendus
1162 2435 1232 2496 Aldi

127 2533 259 2595 Munatii
272 2543 416 2596 tractatus
431 2535 469 2596 de
485 2556 563 2597 xix.
583 2537 742 2617 generibus
765 2547 925 2597 metrorum
940 2536 1057 2597 Horatii
1077 2537 1180 2619 [supro
1200 2554 1232 2617 p.

127 2635 178 2694 41.
195 2631 258 2712 sq.]

168 2726 297 2810 Epodon
317 2728 394 2790 libro
408 2722 564 2810 subjicitur
579 2730 704 2792 Carmen
719 2727 880 2804 Saeculsrr,
908 2727 990 2809 quod
1009 2726 1135 2788 Horatio
1150 2745 1217 2788 com

126 2825 301 2906 ponendum
322 2824 449 2905 injunxit
462 2827 616 2906 Augustus
638 2846 717 2887 anno
740 2827 779 2888 U.
794 2824 919 2889 c.-736.
935 2825 1033 2887 aetatis
1050 2823 1165 2884 Horatii
1179 2826 1230 2885 40.

127 2922 267 2983 Meminit
286 2932 390 2983 auctor
410 2922 489 2997 vitoe,
513 2933 543 2985 et
564 2923 705 2985 Sidonius
726 2923 824 2985 innuit
842 2942 895 3005 per
915 2922 1047 2983 ‘Phoebi
1070 2920 1176 2985 laudes
1200 2930 1232 2982 et

125 3038 212 3101 sagra
221 3020 330 3080 Dinnae
339 3019 557 3101 Conscriptas.'
597 3022 685 3095 Sunt,
699 3021 808 3101 quibus
818 3039 937 3081 cannen
954 3019 1099 3080 seculare
1114 3018 1231 3078 ridetur

125 3119 215 3180 etium
231 3118 284 3178 lib.
299 3136 325 3177 1.
338 3115 407 3178 Ods
419 3121 469 3178 21.
485 3129 514 3178 et
528 3118 582 3179 lib.
600 3138 648 3180 tv.
664 3118 734 3179 Oda
747 3121 777 3180 6.
819 3116 898 3177 Vide
911 3116 994 3178 Petri
1007 3114 1116 3175 Taffiui
1136 3114 1189 3174 lib.
1205 3134 1232 3176 1.

126 3215 164 3276 de
174 3214 255 3277 ludis
271 3214 465 3276 soecularibus
476 3233 544 3298 cap.
567 3218 616 3277 16.
630 3227 662 3276 et
677 3217 725 3277 17.
748 3216 779 3275 in
793 3214 888 3275 Tomo
904 3210 1231 3275 ructuantium

126 3314 345 3375 Romanarum.
1053 3316 1057 3326 “

167 3410 340 3471 &monum
349 3408 421 3472 libri
430 3410 483 3472 IV.
497 3409 535 3471 od
547 3410 673 3472 eundem
685 3411 896 3479 Moecenatem,
910 3405 996 3486 epico
1010 3404 1142 3464 carmine
1156 3422 1230 3487 con7

126 3508 247 3590 scripti;
273 3527 398 3587 quorum
425 3507 486 3567 duo
513 3508 625 3588 priores
648 3508 886 3590 complectuntur
912 3502 1045 3564 Satirrs¹
1070 3502 1108 3561 ab
1137 3500 1231 3585 argu-J

125 3615 238 3679 mento,
264 3605 440 3686 posteriores
456 3605 516 3665 duo
532 3603 570 3665 ad
585 3600 753 3666 docendum
765 3614 796 3665 et
810 3601 1017 3663 instruendum
1033 3600 1116 3673 facti,
1139 3599 1231 3679 Epis-

126 3703 258 3764 tularum
270 3701 361 3783 vulgo
376 3701 500 3762 veniunt
514 3702 645 3776 nornine,
668 3720 795 3783 quorum
816 3702 846 3761 in
865 3698 959 3785 altero
973 3698 1112 3761 Ethicum
1133 3694 1232 3777 philo·

125 3798 265 3883 sophum,
289 3798 320 3857 in
346 3797 440 3859 altero
465 3799 608 3860 criticum
631 3800 795 3882 profitetur.
837 3795 921 3857 Alter
944 3807 1065 3858 constat
1086 3793 1229 3875 Epistolia

124 3896 242 3978 viginti,
256 3894 332 3957 alter
344 3914 414 3956 vero
430 3896 533 3969 tribus,
548 3916 610 3957 una
624 3897 663 3956 ad
679 3899 874 3977 Augustum²
895 3894 934 3955 de
950 3894 1065 3966 Poiitis,
1079 3889 1229 3991 praecipue

158 4094 172 4139 1
190 4089 328 4140 Nonnullae
348 4089 436 4139 Sutirss
464 4098 520 4139 unte
544 4089 657 4140 Carmina
729 4094 745 4139 2
762 4087 894 4138 Suetonio
904 4086 997 4135 norun
1005 4084 1078 4133 Vita:
1090 4089 1098 4113 ⁸
1109 4080 1169 4130 Post
1176 4079 1230 4127 Ser·

124 4155 655 4232 qndmniullpodonlibroserlptsssbllo-
697 4152 931 4230 monosmmlscms
946 4150 1070 4227 quosdam,
1086 4144 1177 4196 nullum
1191 4144 1230 4193 sul

124 4220 249 4272 nuo-s
259 4220 367 4288 d'uputn
381 4221 445 4272 Sum.
461 4220 555 4272 Penus
566 4220 655 4273 Obser-
696 4226 843 4268 mononem
858 4216 947 4267 lucum
963 4223 997 4293 rtp
1011 4218 1160 4293 'esttqusstus
1176 4208 1229 4257 Au·

124 4290 249 4337 aarum.
696 4282 916 4348 gnstmr¹lruturn
924 4274 1230 4345 ursorumquodsor
