2992 4884
507 404 543 462 o.
561 400 720 452 ennean
739 404 908 456 sannen·
1160 389 1247 461 lert

146 551 290 630 quamvis
319 551 469 633 copiosius
500 553 762 633 inminuamus
778 561 782 566 ’
798 555 957 617 Horatium
989 576 1152 638 ¹aggressus
1188 571 1244 632 est,

147 646 265 708 Christ.
281 648 359 709 Dar.
369 649 451 710 Jani.
1070 729 1077 738 .

196 745 278 804 1699
298 745 338 814 Q.
354 745 443 808 111².
457 746 568 826 Opera,
584 747 623 808 ad
651 749 829 830 optimorum
852 750 1062 830 examplsrinm
1083 753 1173 817 iidem
1201 774 1247 816 re·

148 841 286 911 censita:
308 853 502 908 amassem
513 844 603 908 varie
626 844 783 922 iectiones,
798 867 867 928 qum
887 847 920 907 in
944 848 1028 910 libris
1042 849 1122 912 Mes.-
1135 862 1166 912 et
1180 871 1245 911 em-

150 936 284 999 ditornm
309 942 527 1002 commentariis
559 951 665 1003 notatu
692 943 842 1023 digniores
872 955 1042 1007 onnnmnnt.
1090 946 1192 1026 Opera
1216 958 1246 1008 et

151 1034 255 1098 nudie
267 1036 335 1100 ine·
347 1036 486 1104 rothoni.
497 1038 642 1102 Cantabr.
656 1040 736 1120 typis
749 1041 847 1103 Aond.
860 1042 936 1124 Imp.
950 1042 1056 1106 Jacob.
1069 1044 1203 1106 Tonson.
1214 1048 1247 1104 4.

151 1129 192 1192 R.
200 1131 356 1194 Bentleius
364 1133 492 1212 judicat,
503 1134 672 1196 Talbotium
682 1156 741 1198 non
757 1138 836 1198 maie
849 1138 887 1200 de
898 1138 1011 1200 Nostro
1022 1141 1158 1201 meritum
1168 1161 1245 1203 esse.

154 1227 295 1289 Ceterum
308 1230 339 1291 in
352 1230 414 1296 has*
423 1232 584 1311 splendide*
593 1231 738 1313 impresso
748 1232 878 1296 editione
894 1246 995 1296 textus
1004 1237 1119 1298 Horatii
1130 1258 1245 1298 summa

153 1323 223 1398 tide,
234 1323 398 1406 diligentia,
411 1340 443 1394 et
455 1349 527 1396 nura
540 1332 703 1394 recensitus
717 1343 774 1393 est.

193 1456 235 1467 -
255 1424 294 1492 Q.
310 1423 351 1486 H.
364 1425 398 1494 F.
420 1427 569 1490 aeaednnt
587 1429 636 1494 Jn.
651 1429 804 1509 Rutgersii
825 1429 981 1492 Lectiones
997 1430 1159 1492 Venusinae
1173 1451 1246 1493 anre

154 1517 235 1579 Petri
249 1518 423 1584 Burmanni.
442 1523 568 1604 Trajecti
589 1525 656 1585 Bat.
682 1545 731 1605 ap.
760 1526 810 1588 Fr.
838 1527 948 1586 Helma
971 1535 1002 1587 et
1023 1527 1106 1588 Gaii.
1131 1549 1188 1588 ran
1206 1532 1244 1588 de

154 1615 268 1677 Water.
286 1619 334 1678 12.

196 1716 276 1775 1700
297 1714 424 1777 Mineliii
436 1733 485 1780 vr.
500 1717 644 1782 Roterod.
663 1719 712 1782 17.

192 1845 234 1872 -ι-
255 1810 486 1891 Opera.Venet.
501 1817 548 1874 12.

192 1941 234 1953 —
252 1907 398 1969 Pnie'mata
411 1912 521 1971 omnia.
535 1910 627 1989 Typis
643 1910 747 1989 Regiae
763 1911 911 1974 Celsitud.
933 1912 1064 1974 Florent.
1077 1916 1124 1972 10.

192 2038 234 2050 -
255 2005 320 2065 Lat.
333 2025 361 2066 c.
375 2025 452 2066 vers.
468 2005 549 2069 Gaii.
566 2007 644 2068 Hier.
660 2007 815 2067 Tartesoni
829 2008 862 2067 S.
876 2008 906 2068 J.
921 2009 1016 2069 Paris.
1033 2011 1082 2069 17.

195 2104 272 2162 1701
296 2102 436 2174 Carmina
449 2113 624 2184 expurgata,
635 2104 877 2166 annotationibus
892 2104 1048 2164 illustrata.
1061 2103 1202 2165 Rothonr.
1215 2109 1244 2164 8.

191 2231 235 2243 —
255 2196 374 2260 Basteri
391 2219 416 2262 1.
430 2200 564 2281 Eclogoe‚
579 2220 640 2260 nna
663 2220 731 2261 cum
757 2200 879 2262 scholiis
901 2200 1065 2280 perpetuis,
1090 2209 1152 2260 tam
1167 2213 1247 2260 vete-

154 2295 235 2355 ribus
256 2314 348 2375 qnam
369 2298 466 2372 novis,
490 2299 640 2379 precipue
661 2316 731 2360 vero
755 2295 943 2376 antiquorum
968 2297 1245 2368 Grammaticorum,

155 2391 274 2453 Helenii
293 2394 434 2468 Aesonis,
449 2394 664 2475 Pomponiiqne
679 2392 906 2474 Porphyrionisr
929 2393 1040 2473 adjecit
1050 2403 1080 2453 et
1094 2410 1160 2464 sna,
1182 2401 1245 2453 tex·

153 2490 338 2570 tumqne'vel
363 2501 533 2570 corruptum
551 2490 598 2551 rei
612 2492 763 2552 turbatum
777 2490 906 2552 restitnit
919 2490 1001 2552 Gaii.
1018 2490 1138 2550 Baxter.
1151 2488 1245 2549 Lond.

155 2589 184 2647 0.
220 2587 319 2649 Nullis
340 2589 487 2650 Baxterns
502 2608 574 2648 usus
587 2599 634 2650 est
661 2587 738 2650 Mss.
760 2587 814 2650 sed
827 2587 950 2667 vulgata
961 2586 1090 2647 lectione
1104 2604 1158 2665 pro
1180 2585 1247 2645 iun·

153 2681 297 2744 damanto
309 2685 409 2764 posita
421 2705 458 2745 ex
479 2693 651 2747 commenti.
677 2685 894 2746 animadverss.
916 2681 1065 2743 interdum
1088 2694 1177 2741 etex
1201 2679 1247 2740 in·

154 2781 242 2859 genio
265 2790 378 2844 textum
393 2784 559 2844 constitnit.
601 2782 768 2861 Excerpsit,
792 2781 874 2861 quod
896 2790 994 2840 tamen
1009 2777 1112 2858 majori
1126 2776 1246 2838 deiectu

154 2877 216 2938 fieri
230 2879 338 2959 potuit,
352 2891 467 2942 veteres
489 2881 612 2959 interpr.
626 2890 658 2940 et
681 2878 771 2944 inhia
791 2879 881 2940 etiam
895 2875 1034 2956 quaedam
1057 2872 1245 2940 emendavitr

153 2985 286 3038 ceterum
300 2978 365 3057 ipae
379 2976 467 3042 miser
479 2988 527 3037 est
547 2979 701 3056 interpres,
715 2995 806 3036 aenan
829 2975 939 3054 qnippe
953 2984 983 3033 et
998 2972 1119 3051 ingenio
1130 2970 1247 3050 poetico

153 3073 337 3145 destitutuss
359 3076 487 3155 diiogias
508 3086 684 3154 aucupatur,
702 3073 812 3153 ubique
836 3072 1032 3151 etymologias
1045 3089 1081 3131 ex
1101 3078 1174 3128 vett.
1189 3068 1247 3126 lin·

154 3171 234 3251 gnis,
249 3171 373 3249 eunies,
387 3173 515 3244 Celtina.
527 3172 698 3238 Britannica
708 3168 1022 3248 propinatieotoribns.
1051 3166 1134 3227 Fecit
1149 3176 1253 3223 tamen.
1368 3231 1371 3240 ⁴

154 3269 271 3348 speeies
285 3269 425 3348 quaedam
439 3268 585 3349 ingeniosi
600 3267 757 3339 acuminis,
771 3276 800 3324 et
814 3264 915 3325 odium
931 3262 1058 3324 Bentleii
1069 3260 1246 3339 superbioris

154 3365 258 3438 enrici,
272 3376 307 3427 ut
320 3367 350 3428 in
365 3366 478 3430 honore
490 3367 649 3432 haberetur
660 3364 816 3426 nanterus.
857 3359 933 3418 Haec
947 3359 1008 3418 iere
1023 3357 1063 3418 cl.
1074 3356 1144 3415 iani
1158 3354 1196 3413 de
1211 3373 1247 3414 eo

152 3461 279 3541 judicat.
343 3511 349 3517 .
597 3517 602 3526 .

195 3594 237 3608 -
256 3559 435 3626 Talbotinns
450 3581 489 3624 sn
505 3559 679 3637 Cantabrig.
698 3560 745 3617 12.

196 3691 239 3704 -
258 3677 327 3718 cum
340 3659 475 3725 iuvenci
490 3658 580 3722 notis.
596 3660 627 3717 8.

202 3758 279 3815 1702
300 3756 588 3822 carminum.1ib.,1.
605 3753 699 3821 Parin·
712 3756 742 3811 4.
855 3790 859 3802 .

197 3887 239 3898 -
258 3851 368 3936 Opera,
383 3873 451 3914 cum
465 3849 690 3918 notisEduardi
704 3868 722 3908 n
736 3847 842 3908 anak.
865 3843 961 3904 Lond.
977 3846 1014 3904 8:

194 3984 235 3995 -
256 3950 358 4030 Opera
370 3961 545 4030 expurgata,
558 3967 626 4010 cnm
640 3945 718 4008 notis
732 3943 750 4005 J
755 3942 878 4002 nvenaii.
896 3941 1009 4009 Romae,
1024 3941 1053 3995 8.

199 4083 240 4093 -
261 4043 372 4127 Opera,
391 4067 428 4107 ex
456 4047 549 4106 Libris
573 4045 649 4105 Mss.
664 4042 752 4123 juxta
776 4038 849 4099 edit.
871 4037 1015 4113 liutgero.
1037 4041 1067 4090 at
1091 4027 1251 4088 Cantabri·

158 4146 254 4226 giens.
270 4146 365 4205 Lond.
384 4147 430 4203 12.

202 4244 279 4302 1704
301 4241 427 4303 Mineiiii
445 4256 506 4302 vri.
524 4237 700 4302 manenter
714 4236 754 4294 H.
770 4232 844 4312 Tpp.
859 4230 909 4292 Jo.
925 4228 993 4287 Nic.
1009 4224 1147 4286 Andreae.
1163 4226 1193 4284 0.
