2992 4884
407 907 410 913 ’
445 904 720 983 RECENSUS
754 899 1012 980 CODICUM
1046 895 1167 975 MSS·

494 1137 668 1218 QUINTI
692 1133 902 1202 HORATII
926 1126 1110 1203 Funcct,

338 1351 404 1403 QUI
425 1351 464 1402 ΙΝ
481 1351 732 1403 Btuuouflucts
750 1350 985 1402 uunnnmcts
1004 1341 1272 1400 essentum.

690 1563 920 1599 a*

305 1769 461 1834 Curuus
485 1768 655 1832 Bentleius
675 1766 739 1829 suit
758 1766 905 1844 criticus,
928 1773 967 1830 ut
989 1786 1106 1832 omnes
1124 1770 1256 1842 norunt,
1271 1763 1349 1828 satis

261 1869 388 1933 audax.
432 1867 534 1945 Quod
557 1868 600 1932 ad
619 1866 798 1931 Horatium
814 1873 954 1952 spectat,
971 1868 1114 1932 mutavit
1130 1885 1207 1931 eum
1222 1866 1256 1929 iu
1269 1863 1350 1929 iocis

261 1987 357 2051 paene
374 1985 479 2032 occo.
523 1967 618 2032 Idem
642 1987 732 2042 vero,
754 1969 784 2031 si
806 1988 899 2051 saepe
914 1970 1131 2046 errabundus,
1148 1977 1183 2033 et
1197 1967 1351 2032 damnau-

261 2069 338 2146 dus,
361 2071 488 2154 quippe
512 2070 642 2151 ingenio
657 2076 693 2154 et
713 2068 916 2151 conjecturis
938 2069 1035 2133 nimis
1055 2070 1213 2147 confisus,
1237 2068 1351 2132 extitit

260 2171 360 2235 simul
383 2172 468 2236 felix
493 2189 600 2253 saepe,
622 2189 663 2234 ac
686 2168 908 2232 admirandus.
954 2169 1017 2234 Est
1042 2170 1128 2233 euim
1142 2169 1199 2234 ubi
1215 2168 1349 2232 oodices

262 2270 348 2335 Mss.
356 2272 424 2355 ipsi
436 2273 554 2335 misere
564 2271 739 2338 erroribus,
750 2289 818 2350 prae
831 2269 1012 2332 scribarum
1024 2268 1224 2351 ignorantia,
1234 2267 1350 2332 foedati

262 2379 349 2449 suut,
366 2391 450 2454 quos
476 2371 538 2434 viri
557 2370 740 2450 sagacitate
767 2375 802 2433 et
818 2368 969 2433 doctrina
990 2371 1137 2453 praediti,
1156 2377 1256 2453 atque
1271 2369 1351 2432 artis

262 2472 387 2535 criticae
410 2472 517 2554 periti,
546 2470 647 2533 facile
676 2469 807 2553 possint
836 2469 1079 2552 deprehendere
1105 2477 1141 2534 et
1165 2468 1350 2533 emendare.

262 2570 306 2635 Et
319 2590 437 2636 revera
457 2572 490 2635 iu
513 2569 659 2634 editione
682 2589 746 2633 sua
769 2569 906 2634 Horatii
927 2572 1018 2635 nulio
1035 2571 1134 2635 modo
1151 2571 1280 2635 auxilia
1294 2588 1350 2634 co·

262 2673 374 2737 dicum
389 2674 512 2756 sprevit
527 2671 721 2751 Bentleius3
743 2673 847 2734 immo
862 2672 906 2735 ad
922 2692 980 2736 eos
991 2672 1130 2736 multum
1144 2670 1350 2756 provocarit,

261 2772 509 2855 affirmauitque,
525 2792 563 2835 se
579 2771 723 2853 optimos
739 2790 855 2835 omnes
873 2771 1083 2836 Britannicos
1104 2773 1253 2836 studiose
1275 2789 1351 2836 con·

261 2873 416 2935 suluisse.
460 2871 536 2937 Nos
561 2873 659 2952 igitur
680 2870 788 2936 virum
812 2871 947 2937 doctum
972 2873 1028 2936 hic
1053 2874 1120 2938 loci
1145 2873 1349 2938 breviterse·

261 2992 411 3056 quernur.

478 3187 603 3255 Codices
617 3190 884 3277 Carrtabrigierrser
899 3201 928 3253 et
944 3188 1138 3256 Oronirnser.

295 3339 366 3403 ‘Ex
382 3340 603 3419 Britannicis,’
624 3341 674 3406 ait
689 3342 876 3419 Bentleius,
891 3344 999 3424 ‘quos
1017 3361 1131 3407 omnes
1155 3343 1220 3425 ipsi
1241 3342 1349 3406 oeulis

261 3443 506 3521 usurpavimus,
516 3444 663 3524 palmam
678 3443 776 3507 facile
789 3442 895 3506 aufert
908 3442 1030 3506 Codex
1049 3440 1180 3526 Collegii
1196 3440 1350 3527 Reginca·

260 3539 310 3617 ris,
326 3535 462 3619 Oxonii,
484 3558 564 3605 nco.
584 3563 745 3608 annorum
760 3550 794 3607 et
819 3546 862 3607 ab
876 3545 966 3607 omni
988 3550 1081 3628 parte
1101 3543 1247 3626 integer:
1270 3551 1351 3626 post

260 3640 347 3704 hunc
369 3641 451 3705 liber
469 3661 488 3705 e
503 3642 663 3707 Biblioth.
689 3641 798 3727 Regia
823 3642 984 3707 Societutr'r
1004 3644 1161 3720 Londini,
1183 3644 1267 3708 ulter
1287 3640 1351 3706 Pe·

261 3740 369 3803 tremis
385 3739 505 3804 Domus
520 3741 755 3826 Cantabrigiee,
768 3746 884 3810 tertius
905 3742 1036 3830 Collegit
1051 3742 1196 3829 Mugdui.
1212 3743 1350 3818 Oxouii,

261 3848 397 3925 quartus
412 3844 473 3908 viri
487 3844 688 3910 ornatissimi
713 3843 833 3930 Rogerr'
857 3843 963 3923 Galei,
982 3848 1121 3930 quintus
1136 3845 1220 3909 Rev.
1236 3845 1350 3909 admo·

262 3943 341 4007 dum
358 3941 503 4029 Episcopi
518 3940 662 4025 Elieasir,
677 3947 734 4030 qui
755 3947 820 4012 sub
834 3947 939 4010 initiis
959 3945 1186 4030 typographiae
1203 3944 1349 4028 scriptus

261 4052 315 4107 est
329 4045 446 4110 eadem
461 4045 561 4129 plane
575 4066 674 4112 manu
690 4066 730 4112 ao
746 4047 828 4111 alter
847 4066 866 4110 e
894 4045 1031 4131 Collegio
1054 4045 1154 4132 Regio
1176 4045 1350 4111 Cantabri·

260 4142 336 4222 giae,
352 4148 408 4226 qui
423 4146 510 4210 saiso
525 4150 691 4230 praeconio
713 4145 883 4211 Bembirrus
900 4147 1097 4213 venditatur.
1142 4147 1271 4211 Praeter
1284 4147 1348 4212 hos
