2992 4884
484 373 518 430 o.
541 369 700 418 uoanrrr
726 371 869 420 rcnocr.
1137 359 1222 425 2009

169 701 329 776 Pennas
347 704 501 782 editores,
521 708 803 782 commentatores,
817 710 851 769 et
866 683 1071 790 interpretes,
1085 710 1119 771 ni
1135 709 1222 773 felli-

121 823 211 880 mur,
231 825 331 887 quam
352 806 443 868 ullus
459 806 546 869 alius
561 806 771 888 Scriptorum
786 805 1025 886 classicorum,
1040 810 1222 891 occupavit

124 905 318 985 Horatius3
333 915 368 969 et
378 906 413 969 in
429 907 472 970 iis
485 906 697 989 exponendis
707 909 789 972 felix
799 918 833 974 et
844 910 1016 974 elaborata
1027 917 1092 986 est,
1103 914 1141 972 ut
1148 910 1220 993 jam

122 1007 285 1085 vidimus,
312 1007 447 1073 Notitia
475 1008 641 1072 Literaria
668 1009 932 1091 Bipontinorum.
973 1009 1084 1076 Multa
1112 1017 1222 1074 tamen

121 1114 354 1191 metantque)
376 1110 453 1173 huic
473 1127 594 1173 acervo
615 1106 695 1171 eddi
715 1109 859 1190 possint.
895 1110 942 1175 At
953 1130 1016 1177 nec
1030 1130 1092 1175 nos
1104 1129 1221 1192 magna

123 1210 336 1291 profitemur:
351 1211 426 1274 haec
441 1229 519 1274 vero
533 1212 657 1284 nostra,
674 1208 913 1293 qualicumque
929 1230 1089 1275 successu
1103 1212 1221 1276 collec-

124 1316 172 1386 te,
184 1329 264 1374 cum
273 1311 468 1395 Bipontinis
483 1330 568 1376 nunc
580 1309 786 1393 aggredimur
800 1310 976 1393 colligare3
997 1314 1071 1390 etsi,
1086 1317 1122 1376 ut
1143 1333 1221 1395 pro·

124 1412 241 1476 babile
255 1421 316 1490 est,
331 1414 364 1476 in
383 1418 478 1477 tanta
491 1412 673 1476 editionum
690 1412 898 1477 multitudine
911 1413 1144 1491 enumeranda,
1164 1422 1221 1479 tae·

125 1511 219 1578 diurn
234 1513 388 1578 lectorem
398 1514 471 1596 jam
484 1514 658 1577 invaserit.

170 1613 275 1694 Quod
291 1616 335 1679 ad
350 1615 537 1679 Editionem
555 1614 742 1696 Principem
762 1621 905 1698 spectat,
923 1635 1079 1700 quoenam
1092 1617 1159 1679 ista
1171 1634 1216 1678 re*

125 1735 206 1781 vera
216 1716 273 1794 sit,
290 1737 354 1780 non
361 1716 563 1799 disputatur,
572 1717 634 1780 sed
643 1716 683 1779 de
696 1735 777 1779 vero
786 1716 859 1800 ejus
868 1717 1074 1801 typographo
1083 1737 1092 1781 r
1102 1716 1143 1780 de
1153 1736 1219 1799 quo

126 1816 206 1880 vide
222 1816 363 1880 Dibdin.
378 1817 413 1880 iu
430 1815 590 1906 Biblioth.
606 1816 767 1898 Spencer.
782 1817 849 1881 vol.
867 1834 891 1880 1.
905 1838 941 1900 p.
955 1817 1009 1882 63.
1045 1817 1135 1882 Hoec
1150 1817 1220 1881 edi·

126 1919 176 1981 tio
199 1919 251 1982 sic
270 1923 468 1982 memoratur
493 1915 529 1980 in
552 1917 710 1981 Biblioth.
733 1916 946 1984 Aslreuiana:
970 1918 1106 1983 ‘Editio
1130 1919 1220 2002 prin-

128 2038 219 2102 ceps,
234 2021 306 2083 sine
319 2039 416 2096 anno,
429 2018 522 2095 loco,
541 2019 594 2081 vel
614 2018 827 2101 impresseris
845 2019 991 2095 nomine,
1015 2018 1100 2082 liber
1121 2021 1219 2082 raris·

128 2122 244 2197 simus,
282 2120 470 2184 editoribus
506 2119 703 2201 incognitus,
736 2116 909 2199 exemplar
945 2117 1219 2200 pulcherrimum!

128 2221 327 2287 Editoribus
342 2239 419 2286 vero
434 2220 518 2284 liber
531 2239 619 2285 nunc
630 2221 715 2283 benc
730 2219 882 2300 cognitus
897 2225 960 2282 est.

169 2323 261 2389 Inter
275 2323 438 2386 editiones
452 2320 634 2405 primarias,
653 2339 774 2404 nempe
797 2318 938 2383 Antonii
961 2319 1088 2395 Zaroti,
1104 2337 1220 2381 nume-

128 2433 181 2488 rat
204 2423 381 2488 Harlesius
403 2442 503 2489 unam
523 2425 599 2488 anui
616 2423 710 2487 1471.
731 2420 847 2505 adjicit
860 2440 938 2485 vero
956 2422 990 2484 iu
1013 2419 1220 2502 parenthesi}
1305 2443 1308 2448 ¹
1406 2439 1414 2449 ⁸

129 2529 196 2588 ‘ex
210 2525 366 2606 catalogo
380 2530 506 2587 tantum
524 2524 681 2587 librorum
695 2522 860 2587 venalium
874 2520 1038 2604 quodam!

170 2625 305 2690 Horatii
322 2625 435 2708 Opera
448 2625 568 2688 omnia.
613 2621 873 2687 PerArnoldum
885 2621 927 2684 de
943 2620 1115 2697 Bruxella,
1130 2618 1220 2684 Nea-

128 2728 197 2810 pol.
216 2727 391 2790 1474410.
435 2725 550 2809 Hujus
563 2725 729 2801 editionis,
744 2732 783 2788 ut
801 2723 913 2799 fertur,
938 2723 1070 2788 unicum
1091 2727 1220 2786 tentum

129 2829 301 2911 exemplar
314 2834 486 2909 superstes
503 2832 565 2903 est,
587 2828 620 2888 in
643 2824 858 2889 Bibliotheca
872 2823 1097 2908 Spenceriana
1111 2842 1219 2887 asser-

128 2936 254 2993 vatum.
299 2926 509 2989 Describitur
523 2946 545 2990 a
561 2924 709 2988 Dibdino
724 2925 760 2988 in
776 2923 896 3007 Suppl.
910 2922 953 2987 ad
976 2923 1220 2988 Bibliothecam

129 3027 398 3113 Spencerianam,
420 3024 527 3088 Lond.
543 3023 637 3088 1823.
652 3025 727 3089 Svo.

171 3126 310 3194 Horatii
321 3126 469 3190 Oderum
478 3128 555 3191 Lib.
565 3143 617 3190 ιν.
637 3127 701 3210 Ep.
714 3126 789 3189 Lib.
802 3142 826 3189 1.
847 3124 989 3189 Carmen
1001 3124 1221 3201 Saeculare,et

81 3243 85 3248 “
127 3229 194 3294 Ars
210 3228 366 3305 Politice,
379 3227 507 3292 editore
521 3228 544 3292 J
546 3248 578 3292 o.
592 3227 734 3311 Aloysio
748 3225 917 3301 Tuscana,
932 3225 1005 3289 sine
1019 3224 1109 3300 loco,
1122 3243 1220 3300 anno,

129 3339 162 3396 et
175 3329 398 3414 typographo,
413 3329 484 3406 sed,
497 3336 534 3393 ut
547 3334 695 3412 putatur,
707 3326 828 3389 Romae
841 3342 980 3400 excusa,
996 3323 1088 3387 circa
1098 3342 1220 3386 annum

128 3433 226 3497 1475.
269 3430 459 3496 Audiffredi
472 3430 525 3515 (in
539 3428 651 3494 Catel.
666 3427 767 3493 Editt.
788 3426 932 3491 Roman.
948 3444 981 3507 p.
995 3421 1087 3516 413.)
1107 3423 1222 3488 existi·

128 3539 197 3598 mat
212 3533 378 3616 prodiisse
397 3532 484 3596 hanc
505 3531 677 3595 editionem
696 3548 741 3593 ex
756 3527 889 3593 officina
909 3525 1059 3590 Barthol-
1080 3523 1221 3589 Guldin·

129 3633 254 3699 beckii.

173 3734 305 3800 Multus
317 3739 371 3797 est
379 3733 490 3796 editor
502 3732 701 3815 Bipontinus
712 3730 771 3815 (de
783 3730 928 3795 editione
937 3730 1000 3792 suh
1011 3747 1097 3791 anno
1107 3724 1222 3808 1520.)

130 3836 173 3901 de
187 3833 346 3900 laudibus
360 3832 447 3898 Gen.
466 3831 625 3909 Fabricii,
644 3832 703 3913 qui
723 3829 913 3904 ‘Horatia'
932 3837 969 3892 ut
987 3828 1046 3904 ait,
1066 3831 1221 3908 ‘operam

130 3937 295 4021 egregiam
314 3934 475 4011 navavit,'
496 3926 557 3997 Sec.
598 3931 648 3996 At
662 3930 794 4014 quidem
808 3930 889 3993 mire
904 3938 1004 4003 errat,
1028 3933 1065 3990 ut
1078 3924 1220 4002 videtur,

129 4058 207 4103 narn
221 4037 327 4103 ‘Geo
340 4035 515 4099 Fabricius
526 4033 787 4107 ChemaicensiS,
801 4027 930 4111 magnis
941 4028 1060 4108 utique
1071 4025 1152 4089 viris
1162 4045 1221 4094 an·

92 4187 98 4204 .
130 4137 365 4214 numerandus,
377 4145 467 4197 nutas
480 4154 510 4198 a.
521 4134 627 4199 15163
656 4131 814 4196 centuria
831 4127 1070 4204 Fabriciorum,
1086 4125 1220 4210 scriptis

192 4255 314 4318 Detrahet
324 4253 384 4302 ναν.
395 4253 463 4304 ctas.
522 4277 529 4284 ·
630 4250 721 4299 Horat.
1100 4247 1116 4289 o
1134 4243 1157 4292 R
