2992 4884
410 925 414 930 ’
449 921 723 1000 RECENSUS
757 915 1015 997 CODICUM
1050 912 1170 992 ΜΞ.

497 1154 671 1235 QUINTI
695 1150 905 1219 HORATII
929 1143 1113 1220 FLACCI,

341 1368 407 1420 our
428 1368 468 1419 rs
485 1368 736 1420 omurorrmcrs
754 1367 988 1419 unmansrcrs
1007 1359 1275 1417 assentaretur.

694 1580 924 1616 a*

309 1786 464 1850 Cornus
488 1785 658 1849 Bentleius
679 1783 742 1846 tuit
761 1783 909 1861 criticus,
932 1790 970 1848 ut
992 1802 1109 1848 omnes
1127 1786 1259 1858 norunt,
1275 1778 1353 1844 satis

265 1887 391 1950 audax.
436 1885 538 1962 Quod
561 1885 603 1949 ad
622 1883 801 1948 Horatium
818 1890 958 1967 spectat,
974 1885 1117 1950 mutavit
1133 1903 1209 1947 eum
1225 1883 1260 1945 in
1273 1879 1353 1945 loeis

265 2005 360 2069 paene
377 2003 482 2049 occu.
527 1984 620 2049 Idem
645 2003 735 2058 vero,
758 1986 786 2047 si
809 2005 902 2067 saepe
917 1987 1134 2062 errabundus,
1151 1995 1186 2049 et
1200 1984 1354 2048 damnan-

265 2086 341 2164 dus,
365 2089 491 2170 qnippe
515 2088 646 2168 ingenio
660 2093 696 2171 et
716 2083 919 2169 conjecturis
942 2086 1038 2149 nimis
1058 2086 1216 2162 confisus,
1240 2084 1354 2147 extitit

264 2188 363 2252 simul
386 2189 471 2252 felix
497 2207 603 2270 saepe,
626 2206 666 2251 ao
689 2185 912 2250 admirandus.
957 2185 1020 2249 Est
1046 2186 1131 2250 enim
1146 2185 1202 2249 ubi
1219 2184 1352 2248 codices

266 2288 351 2352 Msu.
359 2290 428 2371 ipsi
440 2290 557 2352 misere
568 2288 742 2355 erroribus,
754 2306 821 2368 prae
834 2285 1016 2349 scribarum
1028 2285 1228 2367 ignorantia,
1238 2283 1354 2348 foedati

157 2414 159 2416 ·
265 2397 352 2465 sunt,
368 2408 453 2471 quos
480 2388 541 2451 viri
560 2387 743 2467 sagacitate
770 2392 805 2449 et
821 2386 972 2452 doctrina
993 2387 1140 2470 praediti,
1159 2393 1260 2468 atque
1275 2385 1355 2448 artis

265 2488 390 2551 criticae
414 2488 520 2569 periti,
551 2486 651 2550 facile
680 2486 810 2568 possint
838 2485 1082 2568 deprehendere
1108 2495 1143 2550 et
1168 2484 1354 2549 emendare.

178 2575 180 2580 ⁴
265 2587 309 2652 Et
322 2607 440 2652 revera
460 2589 494 2652 in
516 2585 663 2650 editione
686 2605 751 2649 sua
772 2586 909 2651 Horatii
930 2589 1021 2652 nullo
1039 2588 1138 2651 modo
1154 2587 1283 2652 auxilia
1298 2605 1354 2650 oo·

265 2689 378 2752 dicum
392 2691 516 2772 sprevit
531 2688 725 2767 Bentleius3
748 2689 850 2751 immo
865 2688 908 2751 od
926 2690 1133 2753 eosmnitum
1148 2687 1354 2771 provocavit,

265 2788 512 2872 affirmauitque,
529 2808 566 2852 se
582 2788 727 2869 optimos
742 2806 859 2851 omnes
876 2788 1087 2853 Britannicos
1107 2788 1257 2852 studiose
1278 2806 1355 2852 con·

264 2889 419 2951 suluisse.
463 2887 539 2953 Nos
564 2888 663 2969 igitur
685 2888 792 2952 virum
816 2887 949 2952 doctum
976 2889 1031 2952 hie
1056 2890 1124 2955 loci
1148 2890 1290 2954 breviter
1304 2909 1353 2953 se·

265 3008 415 3073 quemne.

481 3204 606 3272 Codices
620 3206 888 3293 Carrtubrr‘gienses
903 3217 932 3269 et
948 3204 1141 3271 Osonisnses.

298 3357 370 3420 ‘Ex
386 3356 607 3436 Britannicis,'
627 3358 676 3423 ait
692 3358 879 3435 Bentleius,
895 3360 1002 3440 ‘qnos
1021 3377 1135 3421 omnes
1158 3359 1225 3439 ipsi
1245 3358 1352 3422 oeulis

265 3459 509 3539 usurpavimus,
520 3460 666 3540 palmam
681 3459 779 3523 facile
793 3458 898 3522 aufert
912 3457 1033 3523 Codex
1052 3456 1183 3542 Collegit
1199 3456 1354 3543 Reginca·

264 3556 314 3633 sis,
329 3553 465 3635 Oxonii,
487 3575 567 3622 noc.
588 3579 747 3623 annornm
763 3567 797 3623 et
823 3560 866 3623 ab
880 3560 970 3622 omni
989 3565 1085 3644 parto
1105 3560 1250 3642 integer:
1274 3566 1355 3642 post

264 3656 350 3721 hune
372 3657 454 3721 liber
472 3677 491 3721 e
507 3659 666 3723 Biblioth.
693 3658 801 3743 Regis
827 3657 987 3722 Societntis
1007 3659 1165 3736 Londini,
1187 3660 1271 3724 alter
1290 3656 1354 3722 Pe·

265 3758 372 3820 trensis
389 3755 509 3821 Domus
523 3757 758 3842 Cantabrigiae,
772 3762 888 3825 tertius
908 3758 1040 3845 Collegit
1054 3758 1201 3845 Magdol.
1215 3759 1353 3835 Oxonii,

265 3865 400 3941 quartus
416 3861 476 3923 viri
490 3860 692 3926 ornatissimi
717 3859 837 3946 Rogeri
861 3859 966 3938 Galer',
985 3864 1124 3946 quintus
1141 3861 1225 3925 Rev.
1240 3861 1353 3926 admo-

266 3960 345 4024 dum
362 3957 507 4045 Episcopi
521 3956 665 4042 Eliensis,
680 3964 737 4045 qui
759 3963 823 4026 snb
836 3962 943 4026 initiis
962 3962 1189 4046 typographiae
1207 3961 1353 4044 scriptus

265 4068 318 4122 est
333 4063 449 4127 eadem
465 4062 564 4145 plane
579 4083 678 4128 monn
694 4083 734 4128 ac
750 4063 831 4126 alter
850 4081 870 4126 e
898 4060 1035 4147 collegio
1057 4061 1158 4147 Regio
1180 4061 1353 4128 Cantabri-

264 4159 340 4240 gr’ae,
356 4164 412 4243 qui
427 4164 513 4227 falso
529 4167 695 4248 praeconio
717 4161 887 4227 Bembirrns
904 4162 1100 4228 venditatur.
1146 4162 1275 4226 Praeter
1288 4163 1351 4229 hos
