2992 4884
492 407 529 466 u.
552 405 714 455 nonnum
741 407 890 457 nnnocr.
1150 393 1238 462 taut

188 554 264 615 1571
290 554 440 637 Lugduni,
455 557 494 618 8.

185 684 227 697 -
245 671 431 715 cumeorum.
449 654 487 714 D.
503 653 646 716 Lambini.
663 656 792 716 Monutr.
808 655 901 716 Anto.
913 658 944 715 8.

187 751 267 810 1573
288 750 397 813 Venet.
409 751 463 812 fol.
478 751 556 832 Rep.
570 752 620 814 ed.
637 754 727 815 1559.
739 772 769 813 a.
787 754 877 816 1552.

151 921 156 930 ¹
184 879 226 891 -
246 846 287 915 Q.
301 847 344 909 H.
355 848 389 908 F.
403 848 586 929 Satyrarum3
606 868 633 911 a.
655 850 756 929 potine
769 849 946 930 Eulogarum
960 847 1026 912 libri
1040 870 1081 913 ιι.
1106 869 1144 912 ex
1162 853 1239 911 anti·

140 944 299 1022 quiaaimia
314 944 392 1007 Mae.
406 946 537 1025 purgati,
557 956 589 1006 et
602 945 709 1007 clarina
723 945 873 1029 explicati,
885 965 977 1027 opera
989 948 1095 1009 Jacob.
1107 947 1240 1028 Cruqnii,

141 1039 282 1102 Mesaen.
312 1040 453 1121 Ejusdem
481 1041 512 1102 in
548 1042 670 1104 eoadem
704 1043 919 1104 commentarii.
965 1043 1011 1104 Ex
1036 1045 1115 1106 offic.
1137 1044 1239 1105 Plant.

141 1137 238 1199 Antv.
252 1140 284 1198 8.

185 1267 229 1279 -
248 1232 404 1309 Poenam,
431 1236 521 1308 notia,
547 1234 681 1308 uchoiiia,
695 1244 726 1295 et
750 1253 835 1316 argg.
865 1235 1023 1299 illnatrata.
1058 1237 1166 1300 Venet.
1190 1255 1240 1318 ap.

143 1329 270 1398 Domita.
284 1329 323 1391 de
338 1332 449 1395 Farris.
464 1336 495 1393 8.

185 1461 228 1478 ·-·
248 1426 387 1508 Lugdnm
405 1431 452 1489 12.

189 1527 273 1590 1574
290 1525 399 1612 Opera,
411 1546 465 1608 per
479 1525 562 1587 Gnii.
574 1527 703 1588 Norton.
716 1465 853 1587 Londini.
866 1531 895 1587 8.

133 1663 140 1668 -
186 1653 229 1666 ·-
249 1640 319 1684 cunt
346 1623 418 1686 atui
441 1623 570 1684 Manutii
584 1633 616 1683 et
639 1623 683 1683 M.
705 1623 778 1683 Ant.
802 1623 915 1685 Mureti
939 1633 1054 1684 annott.
1096 1624 1239 1704 Ejusdem

146 1717 277 1780 Manutii
292 1718 331 1780 da
345 1720 451 1786 Metn'o
466 1719 652 1781 Horatianis.
665 1721 725 1799 Ap.
738 1720 810 1781 Ant.
825 1719 999 1800 Gryphium.
1015 1719 1153 1800 Lugdun.
1171 1725 1219 1784 12.

190 1817 270 1875 1575
291 1816 367 1897 Epp.
398 1816 476 1882 iibri
498 1836 537 1878 ιι.
559 1826 591 1878 et
617 1817 647 1876 in
676 1835 728 1878 aaa
748 1816 960 1879 Proelectionea
988 1816 1164 1879 methodicae
1189 1818 1239 1881 Gi.

146 1910 269 1986 Minoia,
283 1932 333 1992 ap.
348 1914 439 1975 Dion.
454 1914 586 1978 aPrato.
599 1912 697 1974 Paria.
709 1916 740 1975 4.

186 2043 227 2054 -
248 2009 325 2071 Odae
335 2010 466 2092 quinqua
477 2011 598 2076 selectae
612 2030 651 2072 cx
665 2009 802 2090 Epodon.
815 2011 892 2073 Libr.
908 2010 1002 2071 Paris.
1016 2014 1048 2072 4.

138 2135 141 2144 ¹
186 2139 227 2153 —
248 2107 358 2186 Opera,
369 2127 398 2170 c.
412 2126 519 2170 comm.
537 2108 630 2170 Dion.
642 2107 788 2179 Lambini,
804 2108 933 2170 Monatr.
948 2107 1079 2168 Florent.
1095 2110 1123 2167 8.

185 2236 228 2248 -
248 2203 402 2277 Poimata,
417 2224 485 2266 cum
506 2224 590 2286 argg.
605 2214 637 2265 et
657 2202 786 2283 caatigg‘.
799 2202 912 2283 Georg.
934 2202 1071 2277 Fabricii,
1084 2200 1239 2265 Chemniu.

145 2299 238 2381 Typis
252 2300 479 2381 Vnageliniania.
494 2302 574 2382 Lipa.
589 2304 620 2364 8.
1221 2319 1224 2326 ’

186 2430 229 2444 -
249 2397 284 2457 1ο
299 2398 338 2467 Q.
353 2399 393 2459 H.
405 2398 440 2459 F.
453 2397 598 2461 Po‘e'mnta
610 2400 711 2463 omnia
724 2416 870 2464 rerumne
890 2397 1045 2458 verborum
1064 2393 1238 2476 locupletia·

147 2495 240 2554 aimus
259 2494 363 2568 index,
378 2494 479 2557 studio
492 2508 521 2558 et
535 2497 637 2559 labore
659 2498 767 2559 Thom.
782 2495 905 2567 Treteri,
929 2494 1062 2555 Poanan.
1084 2493 1240 2577 colleqtua,

140 2600 179 2650 et
191 2591 221 2651 in
235 2608 422 2655 communem
437 2593 636 2657 studiosorum
651 2594 811 2657 utilitatem
823 2611 903 2654 nunc
915 2591 1046 2672 primum
1053 2590 1163 2651 edituo.
1193 2587 1240 2648 Ex

146 2689 226 2748 offic.
240 2687 381 2751 Plautini.
408 2689 511 2751 idibus
525 2690 637 2753 Martii.
662 2694 752 2753 Anti.
767 2694 797 2751 8.
830 2688 938 2749 Thon.
958 2685 1108 2760 ureteras,
1131 2684 1236 2760 fimi·

147 2785 227 2848 neno
241 2783 347 2847 Poion.
368 2786 501 2848 iudicem
522 2807 608 2849 ouum
622 2788 662 2849 ad
686 2788 813 2869 paginae
826 2782 1080 2863 editiontetngd.
1102 2799 1151 2863 ap.
1166 2781 1240 2842 Seb.

149 2882 314 2963 Gryphium
329 2903 379 2943 an.
396 2886 483 2946 1545.
498 2886 560 2963 (cui
585 2886 674 2946 etiam
697 2882 859 2964 respondet
880 2880 964 2953 illud,
978 2879 1060 2959 quod
1078 2876 1241 2942 abeodem

150 2980 338 3061 typographo
354 2984 443 3043 1554.
458 2981 515 3042 init
530 2982 656 3059 editum)
675 2979 840 3042 adornavit.

188 3110 229 3121 -
250 3076 403 3149 Poimata,
426 3080 646 3140 accuratissime
660 3077 818 3157 castigata,
831 3094 900 3136 cum
915 3092 1004 3153 augg.
1013 3086 1045 3134 et
1064 3071 1144 3132 notia
1157 3069 1240 3133 Guil.

150 3173 307 3255 Xyiandri‚
322 3175 452 3254 August.
464 3175 544 3256 apud
556 3177 605 3237 Jo.
621 3175 727 3253 Major.
743 3171 882 3232 Heidelb.
897 3173 926 3230 8.
962 3176 965 3182 '

194 3272 275 3331 1578
295 3271 471 3334 Venetici.
490 3271 626 3353 Reped.
644 3273 732 3332 1573.
1224 3285 1228 3290 ’

189 3402 230 3412 -
252 3366 321 3427 Atti
346 3368 474 3428 Manutii
490 3368 574 3430 Pani.
590 3368 623 3427 F.
649 3365 718 3427 htdi
740 3365 779 3427 N.
805 3364 835 3424 in
860 3366 962 3423 Artem
988 3361 1134 3441 poeticam
1157 3373 1239 3416 com·

150 3472 277 3525 meatur.
289 3462 369 3543 apud
392 3464 512 3546 Alium.
527 3464 635 3525 Vanet.
651 3466 681 3524 4.
713 3460 866 3521 Manutius
879 3459 909 3519 in
921 3456 1037 3539 proeiat.
1057 3453 1147 3534 hujus
1159 3470 1242 3513 com·

150 3572 276 3622 mentar.
291 3559 418 3633 dubitat,
432 3561 571 3641 pluresne
582 3580 685 3621 verano
700 3579 737 3618 an
753 3559 928 3639 interpretat
942 3554 1023 3615 Artis
1031 3552 1156 3634 poiticoe
1168 3550 1239 3611 aiat.

192 3691 233 3703 -
254 3659 309 3717 Ara
323 3658 440 3736 poitica
452 3679 520 3719 cum
532 3667 691 3719 comment.
705 3655 788 3716 Gnil.
802 3653 959 3736 Xylandri‚
969 3650 1087 3733 adjecto
1099 3649 1131 3710 in
1144 3657 1240 3710 totum

153 3754 308 3814 Horatium
324 3753 436 3817 Indice.
457 3755 631 3816 Excudebat
645 3755 694 3816 1ο.
707 3753 814 3834 Major.
829 3750 966 3814 Heideib.
978 3751 1006 3810 8.

190 3883 233 3895 -
253 3851 308 3911 Ara
322 3850 439 3930 poitica
451 3869 520 3922 cnm
534 3861 694 3912 comment.
708 3850 759 3913 Jo.
774 3848 903 3909 Sturmii.
918 3848 1042 3926 Argunt.
1057 3847 1087 3904 8.

194 3949 272 4007 1577
295 3946 334 4007 D.
346 3946 492 4020 Lambini,
516 3948 676 4028 Monttrnl.
700 3947 730 4006 in
754 3944 793 4014 Q.
810 3943 966 4004 Horatium
987 3941 1138 4001 Flaccum·
1151 3938 1241 3996 Com·

151 4044 299 4114 mentarii,
314 4042 381 4124 pluo
396 4045 483 4106 tertia
496 4056 581 4125 purte
594 4044 774 4125 amplificati.
797 4040 893 4101 Editio
907 4047 1068 4118 postrema.
1103 4034 1149 4093 Ex
1161 4033 1241 4095 offic.

152 4141 248 4204 Andr.
262 4140 407 4204 Wecheii.
422 4140 560 4204 Francos.
575 4142 615 4203 ad
631 4142 675 4202 M.
690 4140 742 4202 101.

194 4271 235 4284 -
256 4236 328 4300 Adr.
356 4238 485 4299 Turnebi
512 4238 735 4302 commentia
764 4234 842 4297 Libr.
858 4253 883 4296 r.
916 4229 1086 4293 carminum
1115 4224 1241 4289 Horatii.
