2992 4884
268 336 356 405 roto
616 349 815 402 aecensus
841 347 1058 401 nntrtouunt
1107 343 1118 358 ·

310 509 389 570 1604
403 497 487 567 ⁴Oslre
500 506 529 566 in
542 505 628 567 locos
641 524 815 566 communes
828 499 955 585 digestoe
980 504 1082 566 studio
1095 504 1163 565 los.
1177 501 1284 585 'Langii
1297 497 1371 563 Cor·

267 602 499 666 sareomontani.
514 603 608 685 Typis
622 602 838 665 Weehelianis.
854 602 973 663 Hauon.
990 605 1019 663 8.

302 735 344 747 -
365 700 453 777 Odre,
478 702 508 762 in
537 700 619 761 locos
642 719 816 761 communes
845 699 982 780 digestae.
1024 698 1132 760 Studio
1153 699 1220 760 Jos.
1248 697 1365 777 Langii.

264 797 361 878 Lugd.
379 800 427 858 lt.

303 931 345 945 -
364 894 474 976 Opera,
486 915 554 956 cunr
569 895 654 955 noris
668 914 752 975 nrgg.
768 896 816 954 Ex
827 896 906 956 offic.
923 894 1055 957 Plautio.
1070 893 1199 975 Rapbel.
1218 896 1267 955 12.

302 1028 343 1068 .-
363 994 404 1063 Q.
420 993 461 1054 H.
477 992 511 1051 F.
525 992 687 1061 Poemata3
710 1012 779 1054 cum
792 992 942 1053 Juvenali.
958 991 1086 1054 boudin.
1104 995 1151 1051 ta.

306 1091 385 1151 1605
407 1089 609 1162 Lambiniana,
624 1110 693 1150 curn
715 1109 822 1151 cotum.
847 1089 977 1150 Turnebi
992 1100 1023 1149 et
1043 1089 1180 1163 Marcili,
1193 1108 1244 1171 ap.
1259 1088 1362 1149 Bartb.

265 1188 424 1248 Macreum.
440 1186 536 1247 Paris.
549 1186 602 1246 fol.
1281 1211 1284 1216 ¹

302 1319 344 1329 —
364 1283 557 1344 Lambiniana
572 1303 620 1343 vr.
635 1294 667 1343 et
685 1295 779 1364 postr.
803 1283 905 1344 aditio.
934 1283 1056 1344 Additoe
1081 1293 1152 1343 sunt
1176 1284 1271 1345 Henr.
1294 1285 1362 1345 Ste-

261 1380 353 1462 phani
365 1380 511 1442 diatriboe.
534 1379 651 1439 houd.
666 1379 774 1441 Petrus
789 1379 827 1441 de
839 1380 869 1439 la
883 1380 1019 1441 Roriere.
1034 1380 1136 1440 Aurel.
1149 1380 1265 1442 Allobr.
1280 1386 1316 1442 ¹1.

300 1513 342 1525 -
363 1477 578 1538 Heinsiana1.
602 1478 702 1559 Opere
723 1497 792 1539 cunr
814 1497 923 1540 corum.
947 1478 1027 1538 Dan.
1054 1476 1184 1538 Heinsii.
1209 1477 1255 1538 Ex
1279 1478 1357 1540 offic.

261 1575 391 1636 Plautiu.
405 1595 455 1656 ap.
480 1574 730 1656 Raphelongium.
746 1578 776 1635 8
813 1575 985 1655 Proeceps
977 1574 1099 1655 ingenio
1114 1584 1245 1636 tentator
1259 1575 1356 1636 Musoe

262 1674 435 1734 Horatianus
450 1672 604 1733 asseclas
596 1671 720 1732 rnvenit.

301 1804 342 1815 -
363 1770 442 1849 Opp.
457 1788 524 1829 curn
540 1768 667 1848 castigg
681 1768 720 1827 G.
735 1768 875 1829 Fabricii.
890 1768 972 1848 Lips.
986 1768 1078 1848 'lypis
1092 1767 1241 1848 Vogelin.
1258 1772 1288 1829 8.

301 1900 340 1914 -
362 1866 439 1925 Odre
453 1864 483 1923 in
503 1862 586 1924 locos
602 1883 774 1928 communes
787 1866 915 1946 digestoe
930 1864 1030 1925 studio
1053 1866 1246 1945 Jos.1.angii.
1262 1866 1356 1947 Lugd.

262 1966 309 2023 12.

300 2092 339 2106 —-
363 2060 402 2130 Q.
418 2060 459 2121 H.
475 2059 508 2120 F.
533 2060 572 2118 ab
596 2058 791 2121 obscoenitate
813 2069 969 2141 purgatus.
994 2059 1091 2121 Paris.
1120 2079 1170 2139 ap.
1200 2061 1356 2122 Souniurn.

261 2161 308 2218 ts.

297 2290 338 2302 -
358 2255 511 2319 Poimatc.
528 2257 665 2318 Francos.
695 2256 734 2316 ad
764 2254 808 2314 Μ.
824 2254 965 2336 impensis
985 2255 1035 2315 Jo.
1064 2254 1253 2329 Hartmauni,
1276 2256 1354 2335 typis

256 2352 391 2415 Wechel.
407 2357 437 2413 8.

300 2450 378 2507 1606
399 2449 478 2529 Opp.
490 2461 664 2530 expurgata.
678 2450 773 2510 Paris
788 2452 818 2509 8

294 2580 335 2589 —
356 2545 504 2607 Bondiir.
520 2548 558 2616 Q.
574 2548 615 2608 H
629 2547 664 2607 F.
679 2567 747 2607 cum
773 2546 851 2607 notis
870 2548 921 2609 Jo.
942 2545 1061 2612 Boudii.
1086 2523 1213 2605 boudin.
1230 2549 1259 2606 8.
1284 2546 1352 2607 Ple·

254 2643 386 2722 requeis
401 2663 439 2705 ex
454 2644 559 2704 Lubini
583 2643 758 2725 paraphrasi
781 2643 900 2712 hausit:
923 2644 1104 2722 inseruitque
1119 2641 1197 2703 bene
1220 2641 1352 2703 tironum

254 2739 370 2800 studiis.
412 2741 500 2801 Unde
515 2741 564 2801 ed.
578 2741 966 2821 boeccreberrimerepetita
979 2750 1037 2802 est.

293 2871 334 2881 -
355 2836 468 2897 Eadem
485 2857 526 2897 ιι.
542 2837 697 2899 Brunsric.
716 2840 762 2896 12.

297 2934 373 2991 1607
389 2933 475 3013 Opp.
490 2936 528 2994 ab
542 2935 737 2995 &serenitate
751 2946 926 3014 expurgata.
938 2937 1029 2998 Antr.
1043 2940 1073 2995 8.

290 3065 333 3076 ·-
354 3030 393 3100 Q.
407 3031 446 3090 H.
463 3032 495 3092 F.
513 3032 700 3092 Emblernatu
716 3032 900 3111 imaginibus
924 3053 983 3094 aere
1006 3033 1107 3093 incisis
1131 3034 1270 3114 notisque
1285 3035 1352 3097 lllu·

252 3137 364 3188 strata:
387 3129 488 3190 studio
504 3129 576 3191 Otb.
591 3130 700 3190 Vaenii.
714 3131 805 3189 Antv.
817 3149 870 3209 per
884 3130 967 3191 Hier.
983 3130 1171 3192 Verdusson.
1184 3135 1216 3193 4.

295 3227 373 3285 1608
396 3227 485 3296 Q.H.
498 3227 532 3288 F.
562 3247 630 3287 cum
657 3228 774 3287 erudito
790 3226 901 3286 Laevini
925 3228 1069 3288 Torrentii
1094 3247 1202 3290 comm.
1228 3228 1300 3290 item
1315 3230 1350 3292 P.

252 3319 363 3382 Nannii
373 3343 481 3384 comm.
497 3325 526 3383 in
542 3324 644 3384 Artem
659 3325 817 3404 politicam.
833 3326 924 3385 Ante.
938 3345 975 3385 err
997 3325 1076 3386 offic.
1092 3324 1224 3386 Plautin.
1239 3328 1351 3406 ap..lo.

251 3417 411 3490 Horetum,
440 3427 470 3480 4.
507 3422 588 3480 luter
605 3421 755 3501 principes
782 3422 908 3482 babetur
937 3423 970 3480 L.
995 3421 1168 3482 Torrentius
1197 3427 1268 3499 (van
1298 3424 1352 3486 der

251 3511 384 3587 becken)
412 3516 467 3594 Ep.
484 3517 573 3576 Anto.
589 3517 709 3577 tandem
724 3518 908 3598 Arcbiepisc.
938 3520 1043 3580 Maliu.
1060 3519 1256 3599 designatust
1287 3541 1348 3582 non

250 3607 347 3664 solum
361 3620 395 3666 ut
409 3612 527 3671 criticas
538 3612 709 3691 diligentior
719 3624 831 3675 textum
843 3616 926 3696 vulg.
942 3616 971 3676 io
987 3636 1095 3677 corum.
1108 3636 1163 3677 suo
1178 3617 1351 3679 emendavit

248 3713 278 3760 et
293 3706 442 3765 recensuit
455 3707 493 3765 ad
519 3708 607 3767 fidem
623 3710 738 3791 aliquot
760 3712 858 3776 Codd.
881 3713 936 3774 sed
960 3715 1051 3776 etium
1080 3733 1135 3794 pro
1157 3715 1280 3795 egregia
1294 3737 1349 3777 sua

250 3797 466 3863 Grammatices
469 3805 675 3885 ‚antiquitatis
690 3810 797 3884 omnia,
811 3810 900 3871 etiarn
911 3811 987 3890 juris
1003 3811 1118 3890 antiqui
1132 3812 1238 3890 peritia
1252 3813 1350 3875 Hora

248 3893 319 3952 tium
334 3909 444 3974 praeter
457 3906 558 3963 Artem
577 3906 659 3984 poe't.
682 3906 861 3977 illustrarit;
883 3908 1055 3969 desiderant
1069 3919 1169 3968 tauron
1194 3910 1348 3990 elegantes

138 4017 140 4020 .
247 4006 275 4044 ru
291 4008 326 4046 en
342 4010 463 4056 sensum
476 4001 636 4077 poetrcurn
679 4005 791 4065 Nannrr
806 4025 915 4067 comrn
941 4007 972 4065 in
997 4007 1098 4067 Artem
1113 4009 1194 4088 poet
1209 4007 1349 4070 doctissi

247 4098 312 4138 mut
327 4086 462 4162 adjectus
478 4110 525 4157 est
539 4098 631 4160 instar
646 4104 854 4183 supplementi.

285 4207 325 4219 ···
346 4179 901 4279 091).expurgataFrrburngelv.8.
