2992 4884
273 448 430 504 coerces
455 448 494 497 ru
520 446 712 496 nrnnrorn.
733 443 860 497 enirn.
888 447 1106 499 sssnnvnrr.
1149 431 1235 500 2025

138 602 240 667 variis
255 601 358 685 gloss.
379 603 412 666 et
434 600 527 664 notis
547 599 793 683 marginalibus.
832 599 917 664 Cori.
944 598 1132 667 Membran.
1156 620 1236 666 saec.

141 719 220 768 xiv.

179 806 235 870 25.
258 803 447 870 Commeat.
473 805 507 868 in
533 804 655 870 Libros
684 801 835 869 Odarum
859 803 1006 869 Horatii.
1029 803 1114 870 coa
1132 802 1237 882 Charg

140 917 207 972 tac.
221 907 328 971 illum.
343 926 424 971 saec.
442 923 508 971 xv.
1216 923 1223 936 ·

167 1009 235 1074 26.
259 1007 398 1072 Horatii
414 1008 566 1073 Odarum
580 1008 693 1083 Liber,
707 1006 784 1072 cod.
799 1008 982 1076 membran.
1001 1008 1144 1073 charact.
1158 1006 1237 1072 Ital.

138 1132 219 1177 saec.
242 1126 325 1175 xiv.
347 1110 401 1174 vel
424 1125 492 1174 xv.
515 1108 655 1173 illumin.
677 1108 814 1191 pulchre
837 1109 995 1193 scriptus,
1022 1129 1097 1177 cum
1118 1109 1238 1193 paucis

139 1214 241 1279 notis.

181 1315 237 1380 27.
260 1314 398 1380 Horatii
422 1315 610 1379 Sermones.
632 1313 707 1379 cod.
731 1313 837 1377 chart.
855 1332 935 1379 saec.
961 1329 1043 1377 x1v.
1063 1333 1137 1379 cnm
1153 1327 1237 1399 pao·

138 1421 189 1483 cis
201 1416 404 1502 quibusdam
422 1417 550 1481 notatis
566 1416 602 1479 in
616 1416 776 1497 margine.

180 1519 236 1585 28.
260 1518 364 1583 Liber
385 1519 582 1583 Sermonum
607 1518 757 1595 Horatii,
780 1520 834 1582 cni
859 1517 1045 1600 praemissae
1063 1516 1243 1583 Juvenalis

138 1629 172 1688 et
187 1620 299 1685 Persii
315 1621 447 1686 Satira.
462 1619 548 1685 Cod.
563 1619 743 1684 membran.
764 1618 871 1686 nitide
887 1620 1046 1702 scriptus,
1062 1638 1137 1684 cum
1152 1618 1238 1683 mol·

138 1725 185 1789 tis
199 1723 485 1799 annotationibus,
499 1740 581 1786 saec.
598 1737 664 1783 xv.
904 1719 908 1724 ’

183 1825 238 1890 29.
261 1825 397 1891 Horatii
418 1823 484 1889 Ars
509 1823 663 1901 Publica,
687 1830 722 1886 ct
747 1821 924 1904 Epistolae.
952 1819 1035 1886 Cod.
1059 1822 1238 1887 membran.

141 1946 220 1992 saec.
236 1942 319 1990 xiv.

435 2144 561 2212 Codices
575 2147 609 2210 in
624 2141 735 2209 Museo
753 2141 949 2211 Britannico.

187 2330 314 2396 Codices
325 2330 424 2395 Harl.
439 2353 461 2398 a
476 2332 600 2398 Carolo
611 2332 752 2409 Combe,
767 2332 801 2395 in
812 2331 957 2396 editione
967 2332 1116 2417 Operum
1128 2332 1240 2399 Hora·

140 2437 192 2513 tii,
206 2435 316 2499 Lond.
331 2434 428 2499 1792.
441 2436 625 2499 memorati.
659 2432 704 2496 A.
716 2434 813 2498 2755.
827 2451 908 2496 saec.
922 2449 962 2498 x.
996 2433 1037 2497 B.
1047 2422 1145 2499 35114.
1159 2455 1240 2499 saec.

144 2554 215 2602 xu.
263 2535 628 2602 C.2724.saec.x111.
673 2535 942 2600 1137513110.
968 2552 1033 2599 xv.
1079 2535 1241 2601 Ezeubo.

142 2658 223 2704 saec.
242 2654 307 2700 xv.
352 2636 391 2700 F.
405 2638 503 2702 4962.
517 2656 597 2702 saec.
615 2653 682 2700 xu.
725 2636 770 2700 G.
785 2635 883 2700 2621.
897 2656 977 2704 saec.
991 2653 1077 2701 xnr.

186 2740 281 2804 Inter
300 2737 449 2803 Codices
474 2736 672 2802 Burneianus
692 2723 742 2804 'N.
764 2737 839 2803 181.
862 2737 998 2804 Horatii
1014 2742 1146 2823 Lyrica.
1173 2740 1242 2804 De·
1349 2793 1356 2800 .

142 2841 302 2906 scribitur
325 2839 358 2905 in
381 2839 561 2923 Calalogo‚
583 2847 620 2906 ut
639 2842 713 2908 cod.
737 2841 806 2905 Ms.
822 2842 1005 2907 membran.
1021 2844 1152 2927 paginis
1166 2842 1241 2909 199.

143 2948 178 3006 et
199 2948 237 3008 ut
256 2942 368 3006 collat.
385 2942 428 3006 ad
451 2942 613 3026 quasdam
638 2943 780 3025 paginas
802 2942 961 3007 editionis
981 2942 1121 3010 Ricardi
1139 2945 1241 3007 Bent-

142 3044 210 3122 leii,
229 3063 307 3127 queo
329 3042 573 3107 Amstelodanri
595 3043 688 3107 edita
710 3049 761 3107 est
779 3043 876 3107 1713.
898 3044 1036 3109 illumin.
1054 3052 1087 3109 et
1103 3045 1241 3127 pulchre

141 3145 300 3227 scriptus.
348 3144 425 3209 Vita
440 3143 576 3208 Horatii
593 3162 651 3226 per
666 3143 804 3208 Petrum
827 3143 992 3209 Crinitum
1013 3145 1241 3209 Florentinum

143 3246 341 3329 praeligitur,
358 3244 435 3310 Ital.
451 3246 598 3309 charact.
611 3243 697 3308 Sacc.
712 3261 779 3307 xv.

189 3347 323 3413 Horatii
335 3347 404 3411 Ars
420 3345 575 3422 Poetica,
589 3365 654 3410 una
669 3365 745 3410 com
762 3346 906 3428 Epistol.
921 3346 994 3411 Lib.
1012 3364 1036 3410 r.
1051 3354 1084 3411 et
1099 3365 1139 3409 rr.
1176 3347 1242 3410 Co·

144 3449 214 3513 dex
235 3449 417 3514 membran.
440 3467 521 3513 saec.
545 3463 626 3511 xrv.
650 3466 727 3512 cum
747 3446 864 3511 multis
893 3448 1019 3531 glossis
1046 3448 1187 3513 interlin.
1209 3459 1243 3514 ot

145 3552 235 3615 notis
250 3553 421 3633 marginal.
662 3627 670 3639 ·

192 3652 328 3717 Horatii
343 3651 411 3717 Ars
427 3652 582 3731 Poatica,
598 3653 674 3718 cod.
690 3654 833 3718 chartac.
852 3653 924 3717 sine
943 3652 1044 3736 gloss.
1066 3659 1124 3717 ant
1143 3656 1242 3733 notis,

145 3753 307 3837 scriptus,
324 3759 358 3817 ut
371 3752 512 3830 videtur,
526 3755 560 3817 in
576 3752 758 3838 Hispania.

189 3854 282 3918 Inter
299 3854 430 3920 codices
453 3855 662 3920 Bumeianos
684 3861 762 3919 sunt
782 3865 926 3939 quatuor
944 3857 1001 3920 alii
1022 3857 1163 3922 diversae
1177 3859 1243 3921 lor-

147 3976 212 4021 mae
227 3964 261 4021 et
275 3956 488 4022 characteris.

186 4056 304 4122 Codex
322 4054 500 4122 Lansdoun.
526 4058 572 4123 N.
586 4058 662 4124 836.
694 4058 826 4122 Horatii
843 4057 967 4140 Opera,
982 4058 1164 4123 membran.
1178 4061 1242 4126 olc-

144 4167 255 4244 ganter
279 4161 394 4242 script.
427 4159 550 4225 Italica
583 4182 694 4237 mann,
720 4168 756 4224 et
780 4160 916 4225 illumin.
947 4162 1019 4223 sino
1044 4160 1165 4243 glossis
1188 4172 1246 4228 aut

145 4262 423 4328 annotationibus
445 4264 702 4347 marginalibus:
732 4263 811 4328 olim
833 4263 899 4328 lirit
921 4262 1075 4328 Matthiae
1099 4262 1245 4342 Corvini,

211 4380 301 4444 nupt.
312 4385 335 4430 el
353 4380 411 4430 Vnr.
423 4381 487 4431 cns.
670 4380 759 4433 Han.
1131 4385 1148 4429 b
1163 4383 1180 4431 9
