2992 4884
275 441 361 507 latr
546 500 558 507 ,
595 451 788 502 ascensus
822 451 1038 501 surrronurr

271 604 392 684 junctas
416 605 516 677 habet,
539 617 569 666 et
593 604 727 684 pluribus
751 622 833 684 seqq.
861 604 985 683 proeirit.
1028 601 1141 662 Habuit
1164 600 1246 660 illam
1268 600 1298 662 J.
1322 600 1374 661 Μ.

276 701 440 775 Gesnems,
454 702 505 781 qui
531 721 596 763 eam
625 701 767 760 describit
793 700 821 758 in
851 699 934 780 praef.
958 698 1071 758 Horatii
1099 699 1164 759 sui:
1185 697 1237 777 qni
1251 711 1375 778 quater·

275 798 483 860 aioneshabet
507 818 565 858 non
587 797 699 858 ‘literis
723 795 874 877 alphabeti
897 797 1042 875 signatos,
1067 794 1121 856 sed
1150 793 1224 854 lolia
1250 794 1314 873 ipsa
1336 794 1370 852 in

275 895 386 975 angulo
401 893 505 954 dextro
519 894 637 974 paginae
649 891 775 951 aduersa
789 891 915 951 numeris
931 890 1081 962 distincta,
1096 888 1136 948 ad
1156 908 1234 968 quos
1249 908 1371 955 aecum

276 991 397 1052 modata
407 1002 454 1051 est
468 987 569 1049 tabula
591 988 823 1058 vocabulorum·
864 985 1024 1064 Promissa
1037 1005 1107 1046 vero
1129 997 1176 1047 est
1189 986 1220 1044 in
1248 985 1370 1045 laudern

277 1086 422 1147 landini:
454 1084 525 1144 ‘Ad
555 1084 711 1145 Horatium
740 1084 880 1143 Flaccum
904 1082 972 1143 Ode
997 1081 1121 1143 Dicolos
1150 1082 1371 1160 tetrastrophos

277 1183 384 1262 Angeli
399 1180 559 1243 Politiani.'
580 1181 654 1241 Eam
664 1181 814 1259 sequitur:
837 1179 1034 1238 ‘Prooemium
1050 1177 1225 1257 Christoph.
1241 1177 1369 1238 Laudini

277 1278 440 1339 Florentini
455 1280 483 1337 in
511 1278 551 1346 Q.
567 1277 682 1337 Horatii
698 1277 798 1336 Flacci
823 1274 912 1335 libros
937 1294 1041 1335 ornnes
1069 1272 1107 1334 ad
1133 1274 1369 1334 illustrissimum

275 1373 446 1435 (luidonem
461 1373 599 1434 Felirium
613 1372 712 1453 magni
728 1371 863 1432 Pederici
877 1371 971 1431 Ducis
985 1371 1090 1433 lilium.
1109 1371 1369 1451 interpretationes
1492 1415 1493 1426 r

273 1471 417 1551 incipiunt
430 1470 586 1530 loeliciterss
626 1469 700 1528 Turn
717 1468 806 1529 index
822 1466 1071 1529 emendationum.

316 1598 356 1612 -
378 1567 577 1647 Epistularum
591 1566 675 1626 liber.
696 1564 815 1646 lipsiae,
829 1569 860 1628 4.

318 1666 396 1726 1483
417 1663 544 1724 landini
559 1683 600 1722 rr,
634 1662 749 1722 Veneta
765 1682 804 1721 11.
839 1660 991 1735 Horatius,
1005 1661 1057 1723 fol.
1074 1662 1138 1722 sina
1151 1660 1239 1724 titulo
1263 1663 1367 1745 incipit

276 1762 315 1821 ab
329 1759 398 1820 Ode
412 1760 562 1829 Politiani,
575 1758 773 1837 conuenitque
785 1777 853 1820 oum
874 1757 973 1837 priori,
987 1758 1044 1817 nisi
1067 1757 1146 1837 quod
1162 1777 1215 1838 pro
1229 1759 1367 1820 foliorum

274 1856 403 1916 numeris
439 1855 530 1914 habet
566 1854 775 1934 quaterniones
815 1854 961 1934 signatos.
1011 1855 1045 1913 ln
1070 1855 1146 1914 line:
1183 1856 1364 1936 Impressutu
1492 1875 1493 1894 ³

276 1950 408 2010 venetiis
435 1968 487 2030 per
514 1950 664 2010 loannem
691 1948 730 2010 de
759 1950 887 2010 Forlirio
912 1959 944 2010 et
978 1949 1085 2011 socios.
1141 1950 1230 2011 Anno
1260 1955 1367 2014 salutis
1492 2003 1493 2026 2

278 2066 314 2106 rr.
335 2064 425 2108 cccc.
449 2046 783 2126 ursaria—Excipit
808 2056 888 2107 certe
916 2045 947 2104 in
974 2045 1032 2106 hac
1066 2045 1195 2107 editione
1224 2048 1366 2110 Politiani
1492 2069 1493 2078 ¹

275 2141 384 2216 Odam,
399 2154 430 2203 et
444 2142 569 2204 landini
580 2142 773 2223 lpmoeminm,
794 2149 802 2177 ‘
819 2142 921 2203 tabula
936 2140 1156 2216 uocabulorum,
1169 2164 1240 2223 quse
1249 2146 1280 2205 in
1296 2166 1366 2207 nos·

277 2241 330 2301 tris
344 2239 561 2301 commentariis
584 2259 638 2299 suo
661 2239 764 2300 ordine
792 2239 1032 2318 interpretatione
1053 2239 1205 2314 invenies,’
1224 2241 1279 2302 sed
1301 2243 1366 2305 siue

275 2337 385 2399 additis
399 2336 516 2417 paginis
534 2355 559 2395 s.
574 2334 671 2395 loliis:
694 2354 790 2414 neque
804 2336 881 2395 enim
895 2334 968 2394 lolia
992 2335 1059 2394 libri
1071 2336 1200 2397 numerls
1220 2337 1366 2401 distincta
1492 2387 1493 2406 r

276 2443 357 2496 sunt.
399 2431 539 2510 Sequitur
559 2442 622 2513 tum
650 2431 741 2491 index
764 2429 1026 2491 emendationum:
1049 2431 1136 2492 ‘haec
1150 2446 1221 2494 sunt
1244 2456 1314 2515 qure
1334 2439 1366 2498 in
1492 2421 1493 2492 J

275 2526 378 2589 'codice
406 2526 523 2587 Horatii
547 2546 644 2589 errore
671 2527 780 2588 librarii
806 2526 950 2588 mendosa
971 2528 1160 2589 emendanda
1185 2530 1367 2594 luerunt}-

274 2622 467 2685 ‘Emendata
492 2622 522 2684 in
546 2624 764 2685 commentariis
788 2644 856 2705 quse
879 2623 1071 2685 invenies’-‘
1085 2624 1255 2705 Ragistmm
1274 2628 1366 2710 hujus
1492 2651 1493 2666 t

274 2720 392 2801 operia*
405 2740 465 2799 quo
479 2721 663 2801 singulorum
676 2721 901 2799 quaternionum
917 2719 1144 2800 duplicatorum,
1155 2723 1205 2803 qui
1225 2736 1297 2786 sunt
1311 2730 1363 2789 25.

274 2827 403 2896 quatuor
416 2816 510 2896 prima
522 2816 593 2876 lolia
606 2817 697 2877 literis
719 2816 869 2898 alphabeti
893 2817 1013 2896 signata
1032 2827 1173 2879 notantur
1187 2839 1205 2878 a
1218 2839 1292 2882 voce
1308 2824 1364 2883 ini·

273 2913 348 2973 tiali.
390 2912 424 2971 ln
438 2912 495 2970 fine
510 2912 645 2991 registri:
667 2912 890 2994 ‘Christophori
900 2912 1026 2973 Landini
1041 2913 1200 2975 Florentiui
1213 2916 1243 2976 in
1258 2917 1365 2987 Quinti

275 3008 391 3070 Horatii
406 3007 505 3068 Flacci
519 3028 608 3088 opera
621 3007 720 3069 omnia
733 3007 1007 3088 interpretationum
1020 3010 1098 3069 linis.
1131 3011 1239 3073 Divino
1253 3017 1364 3077 anxilio

275 3106 355 3168 foelix
368 3104 417 3166 die
434 3123 523 3165 xvrt.
545 3102 619 3165 Maii
635 3123 671 3166 u.
687 3123 776 3168 cccc.
788 3125 933 3166 uxxxrrr
944 3106 965 3174 ;'
985 3116 1047 3167 turn
1061 3106 1131 3166 Vita
1139 3107 1242 3169 Po‘e'tss
1257 3112 1364 3172 alan·

273 3202 346 3263 diuo
360 3201 470 3281 scripta
495 3201 681 3279 praemittitur
705 3202 777 3282 ipsis
801 3201 1029 3264 commentariis.
1071 3204 1246 3284 Exemplum
1273 3208 1363 3290 hujus

274 3300 345 3363 edit.
360 3310 406 3361 est
419 3298 449 3359 in
473 3298 550 3362 Bibl.
573 3297 729 3378 Gymnasii
751 3299 870 3380 Bipont.
893 3300 978 3378 cujus
1001 3299 1113 3379 primus
1135 3319 1293 3382 possessor
1306 3306 1362 3366 du·

274 3399 381 3479 plicam
395 3398 441 3457 sui
456 3396 590 3457 notitiam
614 3396 708 3476 primo
721 3397 793 3456 lolio
808 3395 977 3476 inscripsit:
1000 3398 1108 3457 ‘Anno
1122 3416 1141 3457 a
1154 3410 1224 3460 nato
1240 3401 1362 3466 Christo

277 3496 364 3554 1479.
379 3493 428 3552 die
455 3493 548 3571 prima
571 3494 682 3553 mensis
698 3492 871 3552 Decembris
900 3492 1027 3571 gradum
1054 3494 1301 3560 baccalaureatus
1330 3503 1361 3562 in

272 3588 384 3649 artibus
398 3588 429 3646 in
447 3587 635 3647 universitate
651 3588 824 3648 Coloniensi
839 3588 869 3648 in
884 3589 974 3650 bursa
987 3588 1089 3650 licent.
1105 3604 1227 3671 regente
1239 3593 1362 3660 doctore

272 3686 417 3765 lamperto
444 3693 623 3743 consecutus
649 3687 734 3743 sum.’
774 3684 868 3746 Dein:
901 3685 1009 3745 ‘Anno
1033 3686 1095 3747 Doi
1122 3706 1360 3758 mccccuxxxr.

273 3784 309 3846 ln
322 3780 424 3861 vigilia
436 3778 574 3840 undecim
585 3778 708 3839 millium
722 3779 869 3860 virgiuum
890 3780 1013 3861 gradum
1028 3782 1188 3863 magisterii
1203 3787 1233 3847 in
1247 3790 1361 3853 artibus

269 3877 439 3942 liberalibus
460 3876 490 3935 in
516 3876 708 3937 universitate
736 3876 982 3959 heydelbergensi
1008 3891 1189 3943 consecutus
1209 3902 1274 3946 sum
1304 3890 1362 3950 suh

270 3977 413 4059 magistro
426 3974 555 4036 hioaone
569 3973 647 4036 heim
656 3996 694 4037 ex
705 3976 841 4037 winheim
850 3995 999 4038 sacrarum
1007 3976 1157 4038 literarum
1165 3980 1363 4054 baccalaureo

270 4085 301 4137 et
312 4094 367 4154 pro
380 4085 451 4135 tuno
466 4073 599 4155 ejusdem
613 4072 812 4154 uniuersitatis
827 4071 977 4152 facultatis
994 4073 1104 4135 arcium
1118 4074 1256 4140 decano.’
1296 4078 1363 4144 llo.
1492 4099 1493 4112 r

271 4188 339 4230 men
353 4189 508 4249 possessor
531 4172 596 4250 ipse
608 4170 688 4231 haud
697 4217 700 4222 .
710 4169 857 4250 ascripsit,
871 4170 1005 4249 quamvis
1020 4171 1082 4251 ipse
1109 4172 1201 4235 multa
1226 4174 1362 4261 allerep't

271 4265 310 4328 ad
325 4274 437 4326 textum
449 4264 667 4347 explicandum,
681 4265 867 4348 iudicemque
882 4265 1006 4348 auxerit.
