2992 4884
486 400 522 457 Q·
545 395 704 444 unarum
729 395 875 448 rnaocr.
1150 385 1235 452 1988

124 567 187 626 per
203 547 327 606 Guiliel.
348 548 466 607 Baster.
480 550 553 609 Ace.
569 567 654 608 novoe
675 559 767 619 notre,
782 546 936 609 animadv.
964 532 1192 630 quamplurimae
1206 551 1236 611 in
1310 557 1313 562 '

127 643 304 703 Bentleium
319 654 351 703 et
364 644 606 724 Cuningsmium,
620 650 676 704 &c
694 645 771 724 Imp:
784 645 833 706 Jo.
849 644 966 726 Batley.
982 646 1107 706 londin.
1124 650 1153 707 8.

180 742 261 799 1726
283 739 411 800 Minellii
427 760 477 802 xr.
494 741 622 801 Londin.
638 744 668 801 8.

181 839 261 895 1727
283 837 451 899 Daceriana
463 858 510 898 ιν.
527 858 590 918 rep.
605 857 660 899 111.
676 838 1101 919 Amstel.ap.Wetstein.12.
1118 861 1153 903 x.
1164 841 1237 902 voll.

178 967 221 978 ·-
238 933 277 992 lu
292 954 378 992 nsum
395 933 537 1014 Delphini
552 953 602 994 rx.
625 955 677 1015 per
690 934 805 996 Ludos.
826 935 970 1015 Desprez.
992 937 1100 1002 Venet.
1117 957 1167 1018 ap.
1187 937 1236 999 Jo.

135 1029 357 1089 Malechinurn.
372 1033 403 1088 4.

179 1157 222 1171 --
243 1127 323 1206 Opp.
340 1126 406 1186 Lat.
419 1136 454 1185 et
464 1125 547 1187 Gall.
563 1146 614 1206 per
628 1127 798 1187 Daeerium.
814 1129 912 1189 Arust.
931 1131 968 1189 10
981 1138 1052 1190 tom.
1068 1133 1099 1192 8.

184 1223 262 1281 1728
285 1222 413 1285 Bentleii
429 1242 476 1282 rv.
502 1243 538 1283 ex
562 1223 734 1284 recensione
749 1236 780 1284 et
799 1244 868 1284 cum
883 1226 961 1285 notis
986 1237 1075 1306 atque
1097 1226 1237 1287 emenda·

137 1319 271 1379 tionibus
286 1318 374 1380 Rich.
389 1318 528 1382 Bentleii.
555 1320 686 1382 Ed.1rr.
710 1340 780 1382 cum
812 1321 912 1382 indice
935 1322 1170 1403 locupletissimo
1195 1324 1237 1384 ls.

138 1415 299 1495 Verburgi.
313 1416 410 1476 Amst.
425 1418 455 1475 4.

181 1546 223 1557 -
243 1512 380 1572 lusencii
396 1511 510 1572 unctior
523 1523 554 1571 et
568 1511 764 1574 emendatior.
780 1514 875 1575 Paris.
891 1518 921 1577 8.

180 1644 222 1654 —-
247 1608 371 1669 Minellii
388 1628 455 1671 xrr.
474 1609 602 1669 Amstel.
621 1612 669 1669 12.

181 1741 223 1750 —·
244 1705 621 1766 Sanadoni1.-Carmina
645 1704 685 1764 ad
708 1724 796 1765 suum
816 1703 950 1765 ordinem
963 1716 994 1767 et
1015 1705 1140 1766 nitorem
1155 1727 1240 1769 revo-

141 1815 211 1864 cata
226 1801 327 1861 studio
347 1812 377 1862 ct
392 1820 483 1882 opera
497 1801 536 1860 N.
548 1802 580 1861 S.
596 1799 748 1861 Sanadoni
762 1820 778 1860 c
793 1801 826 1860 S.
841 1801 871 1861 J.
887 1802 943 1861 Les
957 1799 1074 1881 poesies
1089 1802 1240 1866 d'Horace

114 1939 117 1943 ι
143 1896 297 1979 disposees
309 1898 428 1957 suivant
442 1897 550 1957 l'ordre
564 1896 738 1976 chronolog.
754 1906 785 1956 et
799 1897 942 1959 traduites
957 1918 994 1958 en
1011 1900 1035 1958 F
1037 1900 1153 1980 rencois
1168 1921 1241 1966 arec

144 1995 197 2055 des
226 2013 395 2075 remarqnes
414 1996 555 2075 critiques
581 2014 634 2074 par
658 1995 686 2053 le
701 1994 735 2055 P.
752 1993 904 2056 Sansdon.
946 1996 1127 2060 Traduction
1151 1997 1240 2060 d’une

144 2091 290 2153 ancienne
304 2090 414 2172 hymne
429 2112 480 2151 sur
501 2090 545 2151 les
560 2089 637 2152 letes
651 2093 689 2151 de
703 2089 819 2163 Venus,
845 2111 922 2174 avec
932 2092 986 2152 des
1000 2112 1170 2173 renumques
1184 2096 1241 2156 cri·

144 2190 242 2268 tiques
258 2207 308 2249 sur
322 2188 353 2248 la
366 2187 462 2247 meme
477 2187 570 2266 pisce.
585 2183 682 2248 Paris.
697 2191 716 2245 2
732 2196 804 2246 tom.
814 2190 845 2246 4.

184 2320 227 2331 -
249 2283 371 2356 Eadem,
385 2283 458 2344 ibid.
488 2283 619 2344 a-Ed.
647 2284 798 2365 princeps.
839 2281 1018 2342 Sanadonus
1049 2283 1181 2364 quidem,
1207 2297 1242 2345 ut

145 2383 242 2443 verbis
255 2382 294 2441 cl.
308 2380 378 2440 lani
393 2390 521 2452 utamur,
542 2381 590 2439 ‘in
604 2390 687 2441 textu
703 2379 818 2441 Horatii
832 2378 1044 2439 constituendo
1070 2399 1138 2440 cum
1154 2380 1242 2442 Lam·

9 2483 10 2494 ¹
104 2553 118 2564 ‚
145 2480 258 2547 binum,
273 2476 447 2556 Cruquium,
461 2476 658 2547 Tenendum,
673 2477 819 2555 aliosque,
834 2476 885 2555 qui
900 2475 999 2536 Codd.
1014 2473 1092 2538 Mss.
1104 2478 1150 2538 usi
1160 2488 1242 2552 sunt,

146 2574 307 2645 consuluit,
322 2583 385 2634 tum
398 2570 507 2632 multas
523 2573 649 2633 Bentleii
665 2573 804 2634 emendd.
828 2573 884 2633 sibi
908 2573 1088 2642 vindicavit:
1111 2574 1164 2636 sed
1179 2595 1243 2637 om·

147 2672 227 2731 nium
242 2670 370 2730 maxime
384 2669 615 2749 Cuningamium
637 2681 758 2730 secutus
773 2681 830 2744 est,
846 2670 937 2730 etiam
949 2670 999 2728 ubi
1013 2669 1039 2734 is
1054 2670 1132 2730 ultra
1146 2670 1241 2734 lineas

147 2769 302 2849 processit.
312 2767 453 2826 Attamen
468 2777 499 2826 et
510 2766 613 2826 multte
627 2766 770 2828 emendd.
786 2765 843 2846 ipsi
858 2766 985 2846 proprioe
999 2767 1092 2828 sunt!
1133 2766 1244 2828 Omisit

147 2883 218 2924 vero
245 2861 389 2923 nonnulle
410 2861 553 2935 carmina,
579 2873 608 2923 et
622 2863 772 2923 interdum
797 2861 946 2941 quosdam
973 2883 1076 2924 versus
1104 2866 1242 2939 resecuit,

147 2959 278 3022 castitati
292 2957 494 3020 consulturus.
536 2959 744 3040 lnterpretstio
760 2958 1017 3020 Galliceomnium
1033 2971 1080 3029 est
1093 2961 1243 3043 princeps.

149 3057 183 3117 ln
198 3055 278 3117 notis
302 3075 363 3118 nou
378 3055 473 3116 solum
487 3054 556 3116 loce
577 3056 750 3117 obscuriora
771 3056 894 3137 egregia
918 3055 1055 3129 doctrine
1076 3056 1244 3132 illustravit,

149 3153 202 3214 sed
216 3161 248 3215 et
261 3152 417 3223 artificium
441 3150 626 3230 virtutesque
640 3152 773 3232 poetices
795 3152 856 3211 alto
874 3151 991 3230 judicio
1013 3162 1044 3212 et
1068 3172 1159 3213 sensu
1182 3155 1244 3215 ele·

149 3249 260 3330 gestire
274 3248 453 3328 explicavit3
475 3248 607 3310 carmine
617 3256 717 3308 tamen
733 3246 771 3308 ad
782 3267 877 3308 annos
892 3265 964 3307 suos
978 3247 1147 3332 revocando
1162 3265 1244 3330 saepe

148 3345 249 3407 forsan
264 3345 420 3419 aberravit,
443 3344 578 3405 ordinem
594 3355 673 3404 certe
695 3344 850 3422 vulgatum
875 3342 1031 3422 pervertit:
1052 3343 1141 3404 nimis
1154 3346 1244 3406 etiam

149 3443 295 3505 subtiliter
308 3441 454 3503 interdum
467 3450 499 3502 et
512 3440 640 3502 delicate
650 3448 823 3501 venustates
832 3437 949 3498 Horatii
959 3446 1089 3498 resecat:
1104 3439 1245 3521 denique,

149 3559 203 3618 pro
217 3539 328 3619 ingenii
344 3540 390 3599 sui
403 3538 531 3610 luxuria,
547 3537 634 3597 nimis
649 3531 800 3617 allegorice
815 3535 946 3626 deditus,
960 3533 1049 3595 etiam
1064 3554 1111 3619 ea,
1125 3557 1192 3617 quoe
1207 3558 1245 3599 ex

150 3637 259 3697 Greeco
273 3636 410 3717 exemplo
423 3636 516 3696 ducts
530 3643 611 3708 sunt,
627 3633 666 3695 sd
679 3655 739 3695 rem
753 3633 932 3704 Romanam,
949 3632 1079 3713 Augusti
1094 3633 1245 3709 familiam,

150 3742 182 3792 et
208 3723 347 3813 tempora
370 3733 469 3792 relert.
511 3732 558 3791 Dc
576 3731 624 3791 his
653 3730 724 3794 edd.
747 3730 883 3811 pluribus
919 3729 1057 3811 exposuit
1082 3732 1155 3792 clar.
1188 3731 1246 3792 Th.

151 3825 262 3890 Christ.
282 3821 389 3889 Harles
413 3829 442 3887 in
458 3817 520 3916 vita
534 3829 607 3891 Nat.
621 3827 727 3908 steph.
743 3826 907 3900 Sanadoni‚
932 3826 963 3886 in
979 3826 1046 3887 vitis
1062 3825 1171 3889 Philol.
1186 3827 1246 3888 vol.

154 3945 211 3986 111.
225 3946 255 4006 p.
272 3927 322 3987 63.
335 3947 380 4007 sq.

190 4057 232 4070 -
254 4015 386 4103 Expurg.
402 4041 469 4082 cum
482 4022 561 4082 notis
577 4021 670 4082 Miclr.
687 4019 852 4081 Brochard.
869 4018 965 4081 Paris.
983 4020 1031 4077 12.
1136 4063 1140 4074 .

195 4112 273 4180 '1'7'29
295 4119 334 4189 Q.
351 4111 493 4179 Horatius
507 4119 632 4179 Flaccus
647 4116 841 4201 compedibus
855 4115 1043 4178 metricorum
1058 4133 1248 4180 numerorum

153 4216 281 4277 solatus.
296 4215 430 4278 Odartrm
445 4216 509 4279 Lib.
526 4236 573 4276 rr.
590 4226 621 4277 et
637 4215 733 4296 Epod.
747 4214 909 4293 Lib.opera
924 4224 952 4276 et
968 4210 1067 4274 studio
1081 4213 1122 4277 N.
1133 4209 1248 4296 Balley.

156 4313 283 4375 Londin.
300 4317 328 4374 8.
