2992 4884
494 421 529 480 Q.
554 421 712 469 uonnuu
738 423 884 471 rancor.
1138 408 1226 474 2011

180 567 364 635 Sebiracbii
379 568 493 634 Clavis
507 571 688 636 Poetarum
703 571 814 638 Closs.
830 575 903 638 sive
920 573 1023 639 Index
1042 575 1229 642 Phil-crit.

125 674 169 736 in
186 671 363 735 Horatium
379 677 412 736 et
423 670 623 736 Terentium.
639 672 743 738 Halae
758 674 854 739 1769.
868 676 944 739 800.
959 675 982 738 2
995 676 1072 740 voll.

179 771 292 837 Editio
311 774 450 836 multum
467 773 636 838 laudanda
660 773 1032 841 Baxtero·Gesuoriana
1045 797 1162 844 recusa
1177 788 1230 845 est

129 873 404 952 110011011772.
421 873 500 938 8vo.

178 974 406 1057 Epistolarum
429 976 472 1039 ad
498 975 644 1039 Pisones
666 983 700 1040 et
722 976 921 1059 Angustum,
942 983 1004 1043 &e
1026 998 1107 1044 cura
1129 979 1229 1063 Epis·

130 1080 215 1161 copi
230 1078 341 1156 Hurd,
356 1078 411 1141 ed.
424 1085 532 1161 repet.
547 1078 655 1143 Loud.
671 1080 769 1144 1776.
784 1079 863 1144 800.
878 1082 957 1144 min.

177 1178 400 1245 versionibus
419 1179 618 1261 Hispanicis
640 1199 661 1243 a
685 1180 875 1264 Bipontiuis
887 1181 959 1264 jam
982 1183 1108 1246 notatis
1127 1183 1228 1248 aliam

128 1281 387 1365 subjungimus:
403 1281 555 1345 Horacio
571 1281 627 1344 del
643 1281 725 1347 Arte
745 1282 888 1347 Poetica
905 1282 1055 1364 Epistola
1070 1284 1154 1348 alos
1170 1284 1229 1348 Pi·

129 1401 247 1459 sones,
263 1402 324 1467 por
339 1383 384 1445 D.
399 1381 550 1445 Thomas
566 1382 610 1445 de
626 1380 772 1461 Uriarte,
790 1399 853 1447 con
872 1384 925 1446 los
939 1384 1100 1449 licencias
1115 1404 1228 1450 ueces-

129 1484 255 1561 sarias,
277 1504 318 1547 eu
336 1481 482 1560 Madrid,
500 1483 596 1548 1777.
610 1483 690 1550 800.
733 1483 983 1567 Subjunguntur
997 1486 1098 1549 etiam
1114 1487 1227 1550 obser·

133 1585 297 1649 vationes.

175 1685 304 1770 Satyraa
319 1686 463 1751 Selectoe
482 1685 630 1762 Horatii,
648 1682 853 1767 temporibus
866 1689 1003 1767 aptatae,
1016 1687 1059 1750 ab
1076 1686 1226 1751 Alexan·

131 1787 191 1852 ‹lro
204 1786 355 1864 Geddas,
369 1787 466 1851 1779.
480 1787 689 1851 tto-Satis
705 1793 802 1851 acuto
816 1786 964 1851 redditae.

176 1887 208 1953 A
224 1889 310 1953 New
325 1887 485 1953 Poiitical
500 1887 657 1964 Version,
675 1888 770 1970 Engl.
784 1889 829 1972 by
843 1887 900 1952 W.
916 1886 1040 1966 Groen,
1058 1887 1153 1952 Μ.1).
1169 1889 1225 1953 Li·

133 1990 282 2074 verpool,
302 1989 398 2055 1783.
413 1988 488 2052 800.

175 2089 263 2156 0100
283 2091 419 2156 Horatii
432 2095 641 2171 expurgatae,
656 2090 689 2152 iu
705 2108 802 2153 nsum
815 2088 1018 2165 Juventutis,
1033 2108 1108 2152 cum
1124 2091 1225 2154 uotis.

134 2192 348 2259 1001810.
375 2189 472 2254 1784.
515 2189 595 2253 Siue
621 2188 754 2253 nomine
782 2190 921 2271 prodiit,
947 2188 1007 2251 sed
1034 2187 1140 2253 editor
1162 2191 1226 2254 t'uit

128 2295 303 2361 Huoxius.

176 2394 311 2461 Horatii
322 2394 448 2478 Opera,
466 2392 586 2456 Edinb.
601 2389 699 2456 1789.
714 2392 824 2456 asmo.

174 2496 264 2562 Inter
283 2496 452 2561 versiones
470 2494 644 2577 pedestres
663 2492 882 2557 Germanicas
902 2494 1024 2557 eminet
1045 2492 1102 2556 Jo.
1125 2491 1223 2556 Fred.

127 2598 265 2674 1100111,
278 2603 370 2661 textu
382 2597 502 2660 Latet
517 2594 626 2659 doctis
638 2593 929 2658 observationibus
942 2595 1115 2669 comitata,
1127 2592 1224 2674 Lips.

131 2698 229 2766 1791.
242 2698 322 2762 800.
334 2696 412 2781 maj.
423 2704 457 2760 et
469 2695 502 2758 H
507 2695 611 2760 enrici
622 2695 645 2759 J
647 2695 801 2772 cardena,
814 2695 912 2778 cujus
924 2695 1107 2758 nouissima
1123 2693 1224 2756 editio

130 2802 268 2883 vulgata
293 2806 345 2863 est
370 2798 465 2880 Lips.
490 2796 584 2860 1815.
607 2795 684 2859 800.
729 2794 865 2872 Quibus
890 2796 1103 2880 subjungatur
1131 2793 1224 2857 Artis

129 2901 284 2967 Po'eticae
299 2899 433 2974 Versio,
451 2916 472 2961 a
487 2897 543 2966 Fr.
557 2896 658 2959 Petri.
671 2894 802 2973 Fuldoe,
818 2894 914 2961 1815.
924 2896 994 2958 410.

173 3001 216 3081 Q.
234 3003 318 3066 Hor.
335 2999 451 3064 Flacci
465 2998 587 3081 Opera.
601 2997 701 3059 Atos.
714 2996 766 3081 (10
782 2993 922 3078 Sueeia)
936 2994 1031 3059 1791.
1045 2995 1120 3060 800.
1149 2995 1224 3059 Ha·

129 3089 188 3169 boi
212 3111 380 3168 auctorem
402 3100 475 3165 baeo
498 3097 603 3162 editio
632 3098 719 3162 Heu.
745 3098 930 3176 Stamberg.
974 3096 1132 3177 Sequitur
1154 3097 1224 3178 ple-

129 3223 270 3288 rumque
293 3203 450 3267 lectiones
472 3200 553 3265 edit.
575 3197 686 3262 Amst.
707 3197 805 3262 1735.
826 3204 860 3260 01
880 3195 1019 3258 exhibet
1040 3197 1224 3258 observati-

130 3326 213 3371 ones
225 3305 373 3382 criticas,
388 3303 507 3388 partim
523 3301 654 3376 Latine,
670 3300 790 3383 partim
805 3296 948 3360 Suecica
962 3296 1074 3375 lingua
1090 3294 1222 3359 confec·

131 3418 311 3573 tasHoratii
335 3505 493 3571 Carmiua
519 3507 554 3568 in
576 3522 671 3568 nsum
698 3497 908 3564 Scholarum.
938 3494 1106 3577 Marburg.
1126 3493 1222 3560 1792.

128 3610 207 3674 Sro.

173 3710 217 3789 Q.
240 3709 377 3773 Horatii
401 3707 514 3790 Opera
540 3705 661 3781 omnia,
688 3703 732 3767 ad
759 3702 960 3785 optimorum
975 3698 1219 3781 exemplarium

128 3812 226 3876 tidem
241 3810 416 3874 recensita.
444 3807 508 3871 Ed.
523 3827 620 3871 nova.
637 3805 757 3869 Edinb.
774 3802 993 3868 17901200.

172 3911 216 3991 Q.
234 3912 371 3976 Horatii
389 3909 506 3974 Flacci
527 3908 652 3992 Opera,
672 3925 748 3970 cum
770 3904 870 3967 variis
888 3901 1097 3975 lectionibus,
1121 3894 1221 3962 noris

129 4013 319 4088 Variorum,
334 4019 367 4075 et
375 4009 486 4074 iudice
501 4006 779 4093 locupletissimo,
796 4000 901 4065 1001.
912 4001 935 4063 2
945 4000 1027 4063 roll.
1040 4001 1109 4061 410.
1121 3996 1208 4059 1792

129 4116 323 4181 curantibus
339 4112 461 4180 Carolo
476 4110 604 4175 Combe
619 4115 653 4172 et
671 4105 819 4172 Henrico
836 4101 975 4176 Homer,
998 4099 1054 4182 qui
1071 4098 1157 4160 inter
1171 4095 1220 4162 la·
