2992 4884
444 389 493 441 na
509 391 542 451 o.
560 389 730 439 uoaa'rro
749 390 906 441 rancun.
1133 377 1221 444 ratu

115 539 340 600 commentariis
355 538 443 600 etiam
457 539 615 601 illustravit
627 541 767 603 Albertuc
782 541 813 603 le
825 539 920 622 Ray,¹
937 540 1069 605 Eremita
1081 542 1223 624 Augurti-

117 636 240 711 nianus,
256 637 422 718 Herbipoli,
440 639 530 699 1683.
545 642 575 699 8.

110 792 113 795 ,
160 735 227 795 Are
241 735 369 797 Portica
384 734 496 815 scripta
509 734 547 795 ad
559 734 696 807 Pliones,
710 743 826 813 patrem
839 733 977 797 etiilior:
988 736 1043 797 hos
1058 737 1136 797 enim
1148 737 1225 798 allo·

118 831 223 911 quitur
236 850 324 891 uersu
339 835 389 891 24.
430 832 552 904 ‘Pater‚
567 842 598 892 et
606 832 746 912 juvenca,
761 841 845 910 patre
859 831 964 911 digni:

113 1004 115 1011 y
166 928 329 988 Suetonius
342 931 373 989 in
385 929 455 990 Vita
464 940 603 1003 testatur,
615 929 736 989 veniere
749 928 780 987 in
795 946 901 991 manus
916 948 986 990 suae
1000 940 1032 989 et
1042 930 1156 1012 Elegor
1168 932 1225 992 cub

122 1024 243 1085 Horatii
256 1024 354 1099 titulo,
375 1036 406 1086 et
420 1027 589 1107 Epistulam
609 1043 699 1106 prora
711 1025 857 1100 oratione,
877 1026 964 1105 quasi
985 1026 1225 1089 commendantia
1254 1016 1265 1043 '

117 1143 156 1187 se
171 1122 345 1183 Maecenati.
373 1131 381 1158 ⁴
395 1123 457 1184 Sed
466 1122 612 1203 utraque‚'
625 1123 733 1202 inquit,
747 1121 844 1182 ‘laisa
852 1136 935 1202 puto.
980 1122 1059 1185 Nam
1069 1125 1145 1203 elegi
1160 1124 1227 1185 rul-

104 1264 109 1277 .
122 1236 226 1299 gater,
240 1219 367 1299 epistola
381 1233 481 1281 autem
496 1222 633 1291 obrcura,
648 1237 709 1299 quo
721 1219 793 1278 vitio
807 1218 928 1283 minime
939 1220 1117 1282 tenebatur.’
1146 1224 1228 1283 Auc-

122 1328 171 1376 tor
186 1315 253 1375 libri
268 1316 306 1376 de
320 1316 553 1397 Orthographia‚
567 1317 618 1396 qui
633 1315 725 1376 Beda
741 1316 832 1395 vulgo
847 1315 993 1389 tribuitur,
1004 1335 1036 1396 p.
1050 1319 1142 1380 2800.
1154 1317 1228 1379 edit.

123 1412 280 1476 Potachii:
305 1414 472 1475 ‘Nonnulli
489 1425 618 1475 veterum
641 1414 707 1494 ipra
720 1412 852 1474 carmina
866 1412 944 1473 soler
966 1413 1129 1487 nominare,
1151 1415 1229 1476 sicut

125 1506 271 1570 Horatius
292 1510 322 1569 in
343 1510 487 1593 principio
502 1510 657 1590 cujusdam
670 1508 841 1582 voluminis,
862 1509 944 1587 quod
961 1511 1002 1569 ita
1016 1529 1140 1572 exorrui
1160 1524 1228 1574 ert:

125 1604 236 1666 ‘Solea
258 1626 339 1667 meus
352 1609 432 1667 omni
453 1607 596 1668 Ecclesia
619 1605 736 1685 (Barth.
761 1624 824 1665 nu.
839 1606 869 1664 4.
886 1603 959 1683 legit
973 1606 1100 1683 Eteriae)
1121 1621 1229 1670 restra

122 1701 343 1763 commendo.'’
364 1704 403 1765 Et
419 1705 523 1765 Maro:
538 1712 547 1739 ⁴
561 1722 642 1783 roepe
659 1722 717 1783 ego
731 1704 839 1782 longor
855 1699 1015 1762 Cantando
1028 1721 1152 1784 puerum
1166 1700 1229 1765 me·

125 1800 199 1861 mini
214 1819 262 1860 me
275 1800 404 1862 condere
418 1801 519 1864 solen!
1214 1814 1219 1823 ’

526 1962 835 2051 Scholiartaeneterer.

171 2092 286 2154 Multos
311 2092 531 2153 Grammaticos
553 2105 669 2153 veteres
697 2093 875 2171 interpretes
903 2104 992 2154 nacta
1018 2104 1088 2154 runt
1114 2093 1231 2154 Horatii

126 2192 281 2264 Carmina,
297 2188 352 2250 sed
366 2208 491 2269 quorum
506 2200 582 2249 retae
595 2188 710 2249 definiri
724 2207 785 2248 uon
800 2200 910 2269 potest.
951 2190 1051 2251 Primo
1065 2188 1132 2250 loco
1145 2192 1231 2269 poni·

127 2288 220 2348 turin
232 2286 427 2360 eddAcrort,
440 2287 489 2348 cni
504 2287 624 2368 praefert
636 2286 848 2366 interpretandi
859 2286 979 2347 solertia
992 2287 1231 2367 Porphyrium

127 2386 283 2445 Vavarror
303 2382 341 2446 de
364 2385 390 2445 vi
410 2395 442 2444 et
462 2404 518 2444 usu
542 2385 697 2445 verborum
711 2382 909 2463 quorundam.
951 2383 1045 2443 Henr.
1060 2382 1231 2463 Stephanus

128 2491 266 2554 testatur,
287 2481 317 2541 in
340 2482 401 2544 Ma.
419 2482 619 2560 Pomponium
634 2481 875 2559 Porphyrium
896 2478 1049 2560 appellari.
1090 2480 1231 2543 Ceterum

129 2589 204 2639 aunt
223 2576 321 2658 magia
339 2589 483 2658 excerpta
503 2597 541 2638 ex
554 2596 655 2638 eorum
671 2576 903 2649 commentariis,
925 2595 1015 2657 qnam
1029 2578 1233 2638 commentarii

130 2676 200 2758 ipai,
225 2675 305 2755 iique
318 2675 418 2751 etiam,
439 2685 472 2735 ut
486 2677 517 2735 in
532 2674 596 2735 aliia
612 2693 732 2755 qnoque
746 2674 870 2747 lactum,
882 2672 1052 2753 interpolati
1068 2673 1107 2732 ab
1119 2672 1166 2746 iia,
1180 2675 1233 2752 qui

66 2844 70 2851 ‚
129 2777 189 2834 ieta
203 2792 387 2853 excerpsere.
430 2771 643 2853 Porphyrionis
663 2769 785 2852 quidem
800 2769 922 2832 Scholia
935 2788 968 2831 aa
989 2769 1080 2848 louge
1100 2768 1234 2850 pleniora

130 2871 242 2935 babere
257 2869 376 2950 scripsit
389 2868 639 2929 Emendatinnum
653 2869 688 2931 1..
704 2888 729 2930 1.
741 2889 771 2931 c.
787 2871 837 2928 14.
850 2886 992 2947 coquere
1003 2864 1151 2928 editurum
1164 2885 1234 2948 pru·

131 2966 225 3030 misit.
266 2966 388 3027 Scholia
411 2977 511 3027 autem
533 2966 681 3046 Anonymi
701 2965 796 3027 edidit
820 2965 932 3045 primur
953 2964 1103 3044 Cruquiur
1124 2964 1155 3023 in
1179 2983 1235 3025 aua

134 3064 253 3127 Horatii
265 3063 407 3126 editione.
442 3063 601 3124 Earimilia
610 3063 717 3123 cetaria
727 3061 847 3141 judicat
857 3060 997 3124 Burthiuu
1010 3061 1133 3121 Advers.
1146 3080 1236 3122 xnrr.

133 3164 184 3241 tt.
202 3181 258 3223 nec
271 3162 372 3241 magni
387 3161 514 3221 laniabat
527 3161 562 3220 T.
578 3160 674 3220 Faber
687 3160 763 3241 Epp.
778 3180 803 3220 1.
817 3163 847 3221 2.
862 3178 903 3220 11.
914 3162 966 3219 54.
1001 3157 1123 3218 Habent
1135 3168 1235 3217 tamen

134 3279 195 3320 non
210 3277 318 3340 pauca,
332 3259 444 3338 quaein
459 3258 565 3318 ceteris
576 3255 705 3317 Schnliir
717 3255 850 3335 antiquie
864 3273 925 3314 nnn
938 3254 1132 3333 reperiuntur,
1146 3265 1178 3314 et
1191 3264 1237 3313 ta·

6 3414 7 3423 ,
134 3375 205 3425 meu
219 3354 260 3415 ad
274 3353 499 3435 intelligendum
515 3354 671 3415 Horatium
686 3351 782 3414 utilia.
823 3349 944 3411 Scholia
957 3350 1070 3410 inedita
1082 3360 1185 3410 extant
1203 3350 1234 3408 in

135 3453 212 3517 Bibl.
228 3453 468 3532 Franequerana,
488 3462 565 3511 terte
579 3450 776 3511 Gutberletho
790 3447 827 3508 de
842 3446 933 3507 Saliis
951 3465 1021 3526 pag.
1037 3449 1068 3508 9.
1096 3444 1235 3507 Gravior

6 3610 7 3637 p
135 3552 226 3613 etiam
242 3549 273 3608 in
288 3550 370 3611 Lect.
385 3548 515 3610 Heriod.
527 3568 557 3609 c.
581 3550 629 3608 17.
650 3545 736 3607 affert
756 3546 855 3607 locum
873 3565 890 3605 e
911 3542 1079 3604 Scholiartc
1098 3563 1154 3605 auo
1174 3544 1237 3606 ine·

136 3649 215 3711 dito.
254 3648 331 3717 Qum
354 3649 386 3707 in
409 3646 481 3708 edd.
495 3645 590 3706 Baril.
611 3642 716 3705 addita
736 3656 808 3704 suut
820 3652 953 3705 veterum
968 3640 1237 3702 Grammaticorum

6 3754 7 3795 l
128 3737 272 3820 Scholia,
296 3765 333 3806 ea
353 3755 426 3806 nunt
438 3755 579 3823 excerpta
591 3753 622 3802 et
631 3741 760 3804 collecta
773 3761 790 3802 e
804 3739 886 3802 libris
901 3739 1166 3800 Grammaticorum
1187 3757 1240 3798 ru·

6 3902 7 3907 ,
137 3842 305 3925 pentitnm.

629 3986 761 4048 Codices.

182 4120 311 4183 Codices
321 4117 394 4179 Mati
405 4117 561 4178 Horatiani
573 4136 634 4177 non
648 4126 709 4177 tam
724 4113 857 4191 insignes
867 4111 989 4190 quidem
995 4120 1028 4169 er
1040 4109 1112 4169 clari
1125 4119 1238 4185 emant,

175 4291 189 4335 1
207 4283 271 4333 teu
281 4281 354 4332 nuc
366 4284 440 4332 ruer.
451 4240 505 4343 aar.
517 4282 575 4329 aar.
