2992 4884
519 382 553 441 Q.
578 382 734 430 aaaron
761 382 906 432 nascor.
1172 375 1259 441 9019

211 530 264 597 De
276 530 396 596 Hatris
412 531 610 596 Horatianis
620 533 740 610 addas,
753 539 763 569 ‘
775 534 827 597 De
840 533 968 611 Matris,
981 536 1105 617 quibus
1115 557 1195 604 osus
1206 549 1258 604 est

167 630 331 697 Horatius
353 632 518 716 Lyricus,’
547 634 582 696 in
606 633 748 698 Roberti
770 633 984 717 Wyttyntoni
1004 634 1258 705 Licbfeldiansis

166 734 318 797 secanda
343 733 578 798 Grammaticae
602 742 707 817 parte,
728 738 788 799 &a
814 734 923 824 Laud.
946 754 1005 817 par
1023 735 1258 817 Wynandrum

165 836 206 897 de
221 835 362 909 Worde,
377 835 474 899 1515.
489 836 584 900 1524.
619 834 699 900 Vid.
721 836 879 900 Herberti
894 837 1042 920 Typogr.
1056 834 1173 921 Autiq.
1187 842 1257 905 vol.

166 950 189 999 1.
205 954 240 1017 p.
258 934 410 999 rar-166.
425 944 461 998 et
476 935 620 999 Palmeri
637 935 729 999 Hist.
743 935 961 1019 l'ypograpb.
976 958 1009 1019 p.
1022 936 1257 1006 asa-Mena

164 1037 263 1100 etiam
285 1035 487 1113 Horatiana,
510 1055 531 1100 a
555 1035 743 1119 christoph.
759 1037 874 1115 Ware,
894 1037 1109 1103 loculoso.
1124 1039 1202 1104 Suo.
1223 1052 1258 1109 at

165 1135 206 1199 de
230 1135 350 1199 Mettis
379 1136 575 1201 Horatianis
599 1137 634 1200 iu
660 1137 777 1212 Libro,
803 1139 858 1201 uui
880 1139 930 1202 tit.
953 1139 1055 1204 Latin
1079 1140 1257 1218 Primer,a

164 1236 313 1301 Ricardo
325 1236 692 1319 Lyue.—-Ramarkson
707 1237 763 1301 the
779 1238 878 1302 Latin
891 1237 1011 1303 Alcaic
1024 1240 1088 1305 aud
1106 1242 1256 1326 Sappbio

163 1336 285 1417 Hotre,
299 1358 339 1402 as
353 1337 523 1403 exhibited
541 1339 574 1401 in
595 1339 649 1402 tbe
663 1336 758 1401 odes
779 1338 820 1402 oi
831 1338 979 1416 Horace,
997 1340 1256 1408 hond-1824.-

162 1437 288 1503 Sketcb
302 1440 406 1505 estne
421 1440 584 1503 Scansion
600 1439 665 1503 and
679 1439 850 1505 Structure
865 1439 905 1504 ol
924 1440 977 1503 the
993 1440 1115 1507 Alcaio
1131 1445 1257 1510 Stanza

161 1541 194 1602 iu
218 1540 377 1621 Horace3
400 1542 434 1605 in
458 1539 626 1606 Classical
641 1541 794 1615 Journal,
819 1542 887 1605 vol.
909 1557 966 1604 xl.
990 1562 1024 1625 p.
1037 1542 1113 1606 351.
1127 1564 1148 1608 a
1163 1542 1201 1610 J.
1219 1545 1255 1609 Τ.

161 1639 196 1716 (J
199 1642 309 1706 aoobo
330 1641 428 1709 Tale,
456 1641 763 1720 Ricbmondiensi,)
779 1642 850 1706 viro
867 1642 1077 1719 doctissimo,
1091 1651 1125 1707 et
1139 1644 1255 1711 barum

160 1760 270 1806 rerum
284 1745 499 1826 peritissimo.

205 1844 260 1907 De
291 1844 490 1926 quibusdam
517 1843 596 1908 aliis
623 1845 772 1926 scriptis,
802 1843 1013 1908 Germanicis
1037 1848 1072 1908 et
1096 1845 1256 1926 Belgicis,

126 2013 130 2022 ,
162 1963 240 2026 quaa
263 1945 429 2008 illustrant
451 1945 643 2021 Horatium,
665 1945 847 2027 separatim
871 1945 914 2008 ab
936 1946 1106 2028 oporibus,
1126 1955 1255 2030 atquae

160 2064 227 2109 non
248 2045 372 2109 babent
391 2045 502 2109 locum
525 2046 559 2109 in
580 2045 761 2127 Bipoutina
784 2044 927 2121 Noliba,
953 2053 989 2109 et
1008 2047 1042 2109 iu
1060 2047 1112 2110 bis
1133 2050 1257 2113 nostris

161 2147 398 2212 additamentis
426 2148 539 2212 loonm
567 2165 633 2210 nou
661 2146 842 2221 inveniant,
865 2146 1039 2210 commode
1061 2147 1257 2213 consulatur

162 2248 352 2326 Harlesius,
375 2247 411 2312 in
430 2248 652 2332 Supplemeut.
675 2245 718 2309 ad
741 2245 841 2309 Bren.
856 2244 1033 2324 Notitiam,
1049 2249 1111 2311 &c
1132 2266 1166 2329 p.
1180 2248 1255 2313 199.

163 2357 197 2413 at
211 2351 380 2432 deinceps.

205 2450 390 2528 Hactenus,
408 2457 442 2515 et
460 2451 573 2515 forsan
594 2451 691 2527 satis,
711 2448 754 2513 de
778 2448 914 2513 Horatii
939 2448 1196 2513 admiratoribus
1220 2459 1255 2513 et

160 2554 410 2635 panegyristis:
448 2565 485 2616 at
514 2552 612 2615 simul
640 2551 786 2626 luerunt,
818 2550 876 2633 qui
908 2549 1048 2613 eundem
1074 2569 1140 2613 non
1168 2550 1255 2615 adeo

160 2652 267 2717 luisse
294 2653 428 2737 potitam
449 2654 485 2717 in
509 2653 663 2717 omnibus
689 2653 842 2736 partibus
868 2650 1057 2714 absolutum
1085 2651 1255 2715 existima·

160 2760 246 2831 runt,
270 2762 307 2819 ut
332 2755 422 2819 nulla
449 2760 622 2819 vexaretur
648 2771 794 2818 censura
847 2751 996 2815 Fuerunt
1025 2757 1115 2815 certe
1145 2750 1256 2816 Hora

162 2854 414 2940 tio-Mantyges,
429 2856 489 2940 qui
504 2855 684 2919 Horatium
699 2853 811 2916 nimiae
824 2871 903 2932 arga
919 2852 1081 2916 Romanae
1093 2852 1255 2916 libertatis

162 2954 346 3037 parricidas
360 2956 574 3032 adulationis,
589 2955 702 3019 nimiae
720 2955 756 3017 in
774 2953 944 3017 amoribus
957 2952 1108 3017 lasciviae
1123 2970 1256 3033 arguere

161 3057 270 3138 parati
285 3061 371 3121 sunt.
417 3056 508 3120 Hinc
524 3056 634 3119 lorsan
649 3061 715 3131 est,
739 3054 844 3136 quod,
865 3055 1068 3136 praetimore
1085 3051 1256 3133 Inquisiti-

161 3158 248 3233 onis,
267 3158 424 3239 quaedam
445 3165 558 3240 partes
582 3156 721 3220 Horatii
743 3175 818 3218 raro
835 3162 895 3220 aut
914 3172 1084 3236 uunquam
1105 3152 1149 3215 ab
1174 3153 1256 3216 His·

160 3258 292 3339 punicis
319 3259 418 3323 editae
449 3264 547 3337 sunt3
574 3263 608 3321 et
630 3256 708 3319 binc
732 3255 824 3339 apud
847 3255 933 3318 alias
959 3260 1074 3335 gentes
1098 3260 1254 3319 castratae

160 3356 242 3434 illae,
256 3376 334 3440 quar
347 3358 566 3441 appellantur,
575 3356 738 3420 editiones
748 3354 898 3429 Horatii,
912 3354 957 3417 ob
969 3353 1151 3416 maximam
1162 3353 1256 3417 iliam

160 3460 378 3524 reverentiam
391 3479 468 3542 quae
485 3460 599 3543 pueris
614 3459 763 3522 debetur.
807 3457 852 3521 Et
863 3455 953 3538 apud
966 3453 1127 3538 quosdam
1143 3474 1255 3519 recen-

161 3558 265 3622 tiores
275 3559 383 3623 vaiuit
394 3560 523 3642 opinio,
537 3560 627 3643 quod
640 3558 759 3623 melius
768 3555 814 3622 sit
828 3557 924 3639 sequi
936 3555 1101 3640 quosdam
1117 3556 1256 3621 Germa·

161 3661 269 3737 nicos,
292 3661 528 3746 imaginatione
552 3661 657 3743 magis
682 3660 882 3737 discursive,
902 3666 937 3723 et
956 3659 1058 3723 etiam
1081 3657 1196 3740 Lopeu
1213 3659 1256 3722 de

161 3759 258 3842 Vega
278 3760 459 3843 Hispanici
485 3760 754 3844 Extemporalia,
770 3780 870 3844 qnam
891 3760 1083 3834 Horatium,
1104 3759 1255 3822 studiose

160 3862 262 3926 nimis
276 3861 494 3927 elaboratum.
538 3863 648 3926 Multa
670 3870 835 3945 praeterea
852 3860 1127 3943 reprehenderunt
1145 3856 1168 3921 J
1171 3858 1255 3920 ulia-

160 3983 222 4027 nus
237 3961 356 4027 Caesar
370 3961 529 4045 Scaliger,
545 3963 710 4039 Perrault,
731 3967 764 4025 et
782 3961 944 4042 Anglicus
964 3958 1103 4042 quidam
1123 3975 1255 4035 censor,

163 4072 201 4129 ut
216 4069 349 4129 uoutur
364 4083 385 4128 a
401 4064 605 4147 Bipoutiuis,
624 4064 759 4148 quibus,
774 4081 816 4125 ne
838 4061 937 4143 plura
957 4058 1118 4135 dicamus,
1133 4056 1256 4123 addan·
