2992 4884
505 404 541 462 Q.
564 402 725 452 flomu
758 403 920 454 euicui..
1169 390 1255 462 lum

181 534 279 614 Ι1580
298 533 328 597 1.
342 532 399 596 ib.
415 535 523 618 Freigii
537 538 707 602 Commeat.
725 539 757 598 iu
772 539 877 621 Lyriea
889 538 1016 604 Horatii.
1032 541 1124 604 Harii.
1142 544 1181 612 8,..
1214 541 1255 608 Ru
1385 559 1396 572 ·

151 625 203 692 bic
216 640 264 694 eit
276 632 307 690 iu
319 631 598 695 Hebriue-Petrina.

195 760 237 774 -
258 727 365 790 Franc.
381 728 493 791 Luiaini
508 730 703 812 Paraphrasir
718 731 749 791 in
765 715 948 795 Hor.'Basil.
964 737 994 794 8.

195 856 238 872 -
256 825 327 886 ,1ιυί
341 825 455 887 Douaee
469 827 500 886 in
514 845 621 892 novam
637 827 677 897 Q.
691 827 731 889 H.
748 827 784 890 F.
798 828 960 891 editionem
974 829 1255 898 Commentarioiur.

153 919 294 986 Exoffic.
320 923 431 985 Christ.
457 922 588 987 Plautia.
612 926 706 990 Ante.
724 928 772 986 16.
802 925 990 989 succidanea
1013 926 1055 989 ad
1080 948 1159 1004 eum,
1179 928 1255 1010 ibib.

159 1019 314 1080 158216.

194 1149 236 1162 -
258 1117 297 1187 Q.
310 1116 351 1178 H.
366 1115 400 1178 F.
416 1137 485 1180 cum
500 1116 629 1179 scholiis
643 1117 701 1180 uh.
716 1117 887 1180 Pulmanni.
900 1122 1043 1204 Autrerp.
1063 1124 1110 1183 16.

196 1215 272 1275 1681
297 1214 336 1283 Q.
353 1213 391 1274 H.
407 1213 442 1275 F.
455 1214 512 1274 Th.
527 1213 687 1275 Pulmanni
701 1216 859 1278 Annotatt.
875 1210 1002 1297 adjectoe
1017 1229 1100 1293 sunt,
1110 1228 1255 1300 praeterea

154 1311 316 1378 carminum
341 1330 462 1392 genera,
485 1311 598 1394 Georg·
622 1310 752 1373 Fabricii
778 1331 866 1393 argg.
893 1314 995 1387 index,
1017 1319 1074 1377 8ιο.
1112 1316 1157 1375 Ex
1171 1316 1253 1378 offic.

155 1406 392 1488 Bryliugeriaua.
405 1407 499 1469 Baail.
514 1410 545 1468 8.

193 1537 236 1551 ·-
257 1503 361 1567 lamb.
376 1503 482 1566 Ludol.
498 1503 646 1585 Pitbopoei
664 1504 860 1587 Parapbraaie
882 1508 912 1566 in
928 1506 1043 1569 Horatii
1066 1509 1167 1594 Satyr.
1183 1530 1206 1571 r.
1221 1520 1253 1571 et

155 1620 195 1662 ιι.
210 1600 278 1662 111)ιί
292 1601 408 1681 prioris.
423 1601 563 1664 Heidelb.
578 1605 610 1663 8.

196 1700 276 1758 1582
297 1697 399 1779 Opera
410 1698 519 1769 omnia,
534 1719 573 1760 ex
596 1698 714 1761 emend.
736 1711 818 1762 ete.
833 1709 1006 1769 commenti.
1031 1699 1100 1763 Pet.
1124 1699 1250 1764 Gualth.

155 1793 308 1867 Chabotii,
319 1814 374 1875 per
386 1795 484 1876 AEgid.
499 1795 588 1877 Beya.
603 1796 700 1857 Paria.
716 1799 745 1857 8.

192 1925 235 1937 -
257 1891 370 1952 Eadem
384 1892 524 1952 Chabotii
537 1892 586 1953 ed.
601 1912 716 1955 recura.
732 1893 825 1956 Baeii.
841 1897 871 1955 8.
1195 1963 1199 1970 ,

191 2021 234 2034 -
255 1985 291 2048 Ρ.
305 1988 345 2048 G.
360 1988 498 2050 Chabotii
524 1991 672 2072 expositio
700 1990 851 2071 analytica
873 2000 906 2051 et
927 1990 1025 2052 brevi·
1054 1991 1086 2051 in
1110 1992 1252 2068 universa

153 2084 193 2153 Q.
209 2084 249 2145 H.
265 2083 300 2146 F.
314 2087 463 2166 poemata,
487 2104 536 2165 ap.
550 2086 673 2147 Martio.
696 2086 852 2148 Juveneur.
868 2086 963 2148 Paris.
980 2089 1009 2149 8.
1024 2087 1164 2149 Chabotii
1178 2087 1250 2150 edd.

152 2201 278 2261 quarum
290 2182 340 2246 he
355 2194 426 2268 eunt
440 2183 554 2263 primae,
580 2183 697 2244 critices
713 2183 816 2244 usibus
830 2182 919 2263 piaue
931 2182 1049 2263 ineptae
1061 2195 1092 2244 et
1104 2185 1250 2247 incertum

152 2279 234 2339 unde
247 2298 404 2359 expressae
418 2278 491 2340 dieit
505 2279 585 2342 Jani.

191 2409 234 2421 -
254 2376 294 2445 Q.
309 2375 348 2435 Η.
365 2375 400 2438 F.
423 2394 492 2435 cum
515 2375 642 2438 Scholiir
665 2375 777 2436 Mureti
802 2386 833 2436 et
859 2374 1075 2438 animadverra.
1099 2374 1194 2460 Bruti,
1219 2385 1250 2440 et

150 2472 221 2534 Aidi
235 2472 364 2534 Marruuii
378 2471 416 2533 de
431 2474 537 2536 Matris
552 2473 659 2534 Horat.
694 2472 783 2552 Apud
798 2471 980 2554 Aldumjun.
995 2474 1103 2536 Vener.
1120 2477 1148 2534 8.

191 2602 234 2615 -
254 2570 293 2639 Q.
322 2570 362 2630 H.
390 2569 424 2629 F.
448 2589 518 2631 cum
546 2568 616 2630 Aldi
643 2568 772 2629 Marruuii
800 2579 831 2630 et
855 2570 927 2660 rint.
957 2570 1067 2634 Mureti
1102 2578 1251 2654 annotati.

153 2663 251 2747 bugd.
266 2668 298 2729 8.

190 2796 233 2809 -
251 2763 303 2825 1ο.
317 2762 424 2826 ΤΙιοιιι.
449 2761 557 2844 Freigii
580 2761 784 2843 Paeuagogur,
808 2782 861 2846 per
886 2764 1007 2825 Sebart.
1031 2760 1251 2826 nentia-Petri.

150 2860 245 2923 Baril.
261 2861 369 2919 8.-1ιι
393 2859 449 2922 hoe
473 2858 549 2922 libro
570 2879 600 2940 p.
626 2861 696 2922 215.
723 2858 784 2922 Od.
810 2862 838 2921 1.
853 2863 882 2922 8.
906 2863 980 2923 813.
995 2859 1062 2921 libri
1077 2882 1102 2923 1.
1122 2859 1251 2935 Horatii,

151 2956 282 3017 numeria
294 2956 416 3018 muricia
431 2959 518 3018 abeo
532 2956 687 3039 dispositae
701 2957 904 3019 inveniuntur.
1127 3035 1132 3040 ⁹

190 3087 233 3099 -
252 3053 363 3135 Opera,
376 3073 444 3115 uum
468 3054 546 3116 uotir
568 3054 683 3116 Tbeod.
698 3054 860 3116 Pulmanni
883 3064 914 3116 et
934 3054 1005 3116 Jani
1020 3053 1133 3117 Douare
1145 3054 1250 3136 patria.

151 3150 197 3210 ux
209 3151 289 3211 offic.
302 3135 416 3214 ‘cumr
430 3150 574 3213 Plautini.
589 3152 681 3213 inu.
700 3154 745 3213 ιι.

194 3249 273 3308 1583
293 3248 352 3309 Ara
366 3248 493 3327 poitiea,
516 3248 557 3308 ad
579 3247 612 3311 J.
627 3247 714 3309 Remi
730 3247 926 3310 Dialectieam
944 3256 975 3309 et
997 3246 1189 3309 Rhetorieam
1204 3265 1251 3306 re·

150 3344 259 3417 uoluta,
273 3343 371 3405 studio
385 3343 480 3407 Andr.
496 3344 612 3426 Kragii,
625 3364 677 3424 per
694 3345 764 3406 Sab.
780 3342 998 3405 Henric·Patri.
1014 3342 1107 3404 Harii.
1121 3347 1152 3402 4.

144 3522 147 3526 Ι
190 3475 233 3487 -
252 3441 402 3515 Carmina,
416 3462 486 3504 eum
499 3441 629 3506 scholiis
642 3452 674 3503 et
686 3439 894 3522 Argumentis.
908 3438 1005 3504 Parii.
1019 3443 1050 3504 4.

194 3539 272 3599 1584
294 3523 491 3599 nimiarum
517 3523 683 3600 Partheni
697 3539 832 3619 spurmu.
861 3539 891 3598 ru
917 3537 957 3607 Q.
984 3537 1023 3596 ιι.
1048 3535 1082 3597 r.
1107 3535 1251 3622 cirmini

150 3645 243 3716 atque
267 3634 390 3718 Epodoe
416 3636 641 3711 Commentarii‚
662 3637 769 3717 quibua
793 3637 891 3718 poitur
913 3634 1068 3696 artificium
1091 3644 1124 3698 et
1146 3631 1195 3693 ria
1209 3631 1249 3693 ad

148 3731 344 3796 imitationem
355 3743 445 3813 atque
458 3731 498 3793 ad
506 3733 622 3814 poitice
637 3732 827 3814 acribendurn
841 3731 991 3812 aperitur:
1006 3749 1074 3793 cum
1086 3728 1247 3810 privilegio.

148 3829 240 3912 Apud
260 3830 451 3893 Dominiaum
476 3830 657 3893 Nicolirum.
678 3829 926 3894 Venat.¹4.-De
951 3848 987 3890 eo
1016 3829 1059 3889 rie
1083 3825 1249 3888 Morbofiue

149 3926 258 4010 Polyb.
272 3928 359 3990 Τοιιι.
374 3949 398 3988 ι.
413 3927 479 3990 Lib.
495 3948 543 3992 ru.
557 3948 586 3991 e.
603 3929 652 3988 11.
667 3937 681 4007 ς
699 3928 748 3989 15.
764 3926 799 3987 Β.
832 3926 1044 3997 ‘Partheniur‚
1054 3923 1106 4003 qui
1130 3928 1247 3982 tautum

149 4024 324 4086 Carminum
337 4035 427 4106 atque
448 4024 574 4107 Epodon
596 4024 688 4086 librae
711 4023 820 4103 attigit,
844 4033 905 4111 tarn
929 4020 1025 4082 aulide
1040 4029 1071 4079 et
1093 4015 1247 4096 eleganter

149 4120 294 4183 advenae
319 4122 504 4203 Scaligerum
517 4123 617 4184 omnia
631 4122 695 4195 illa,
718 4139 789 4201 quae
801 4128 866 4179 atro
880 4118 938 4177 iate
951 4113 1056 4195 lapillo
1081 4121 1247 4184 notaverat,

147 4218 320 4292 vindicarit,
335 4232 369 4280 ut
381 4219 429 4282 rix
440 4220 570 4292 credam,
579 4220 694 4282 hireere
708 4217 850 4278 advenur
861 4213 944 4274 illum
955 4227 1129 4300 querquetu
1136 4207 1247 4290 porra!

149 4316 254 4381 Pauca
276 4316 454 4398 exemplaria
467 4336 579 4380 excusa
592 4336 669 4390 erre,
684 4335 722 4376 ax
746 4334 783 4377 eo
797 4299 928 4394 apparet,
944 4308 1026 4390 quod
1049 4306 1174 4370 eodem.-
1182 4323 1246 4367 rao·
